%YAML 1.1
%TAG !u! tag:unity3d.com,2011:
--- !u!1001 &100100000
Prefab:
  m_ObjectHideFlags: 1
  serializedVersion: 2
  m_Modification:
    m_TransformParent: {fileID: 0}
    m_Modifications: []
    m_RemovedComponents: []
  m_ParentPrefab: {fileID: 0}
  m_RootGameObject: {fileID: 1814526892777688}
  m_IsPrefabParent: 1
--- !u!1 &1814526892777688
GameObject:
  m_ObjectHideFlags: 0
  m_PrefabParentObject: {fileID: 0}
  m_PrefabInternal: {fileID: 100100000}
  serializedVersion: 5
  m_Component:
  - component: {fileID: 4946122422053680}
  - component: {fileID: 33457705442299856}
  - component: {fileID: 23968664716477024}
  - component: {fileID: 114563857217132326}
  - component: {fileID: 114616924327447284}
  - component: {fileID: 114324766940043916}
  - component: {fileID: 50296267546845326}
  - component: {fileID: 61717671293053856}
  - component: {fileID: 58545358432843674}
  m_Layer: 0
  m_Name: Gulrag Prototype
  m_TagString: Untagged
  m_Icon: {fileID: 0}
  m_NavMeshLayer: 0
  m_StaticEditorFlags: 0
  m_IsActive: 1
--- !u!1 &1860520944945068
GameObject:
  m_ObjectHideFlags: 0
  m_PrefabParentObject: {fileID: 0}
  m_PrefabInternal: {fileID: 100100000}
  serializedVersion: 5
  m_Component:
  - component: {fileID: 4717078895037912}
  - component: {fileID: 61003181182512064}
  - component: {fileID: 114362180781466126}
  m_Layer: 0
  m_Name: Body Collider
  m_TagString: Untagged
  m_Icon: {fileID: 0}
  m_NavMeshLayer: 0
  m_StaticEditorFlags: 0
  m_IsActive: 1
--- !u!1 &1928225232585382
GameObject:
  m_ObjectHideFlags: 0
  m_PrefabParentObject: {fileID: 0}
  m_PrefabInternal: {fileID: 100100000}
  serializedVersion: 5
  m_Component:
  - component: {fileID: 4574143812714486}
  - component: {fileID: 58603219365436364}
  - component: {fileID: 114660268654376550}
  m_Layer: 0
  m_Name: Detection Collider
  m_TagString: Untagged
  m_Icon: {fileID: 0}
  m_NavMeshLayer: 0
  m_StaticEditorFlags: 0
  m_IsActive: 1
--- !u!4 &4574143812714486
Transform:
  m_ObjectHideFlags: 1
  m_PrefabParentObject: {fileID: 0}
  m_PrefabInternal: {fileID: 100100000}
  m_GameObject: {fileID: 1928225232585382}
  m_LocalRotation: {x: -0, y: -0, z: -0, w: 1}
  m_LocalPosition: {x: -3.23, y: 11.205619, z: 0}
  m_LocalScale: {x: 18.771011, y: 27.639212, z: 0}
  m_Children: []
  m_Father: {fileID: 4946122422053680}
  m_RootOrder: 0
  m_LocalEulerAnglesHint: {x: 0, y: 0, z: 0}
--- !u!4 &4717078895037912
Transform:
  m_ObjectHideFlags: 1
  m_PrefabParentObject: {fileID: 0}
  m_PrefabInternal: {fileID: 100100000}
  m_GameObject: {fileID: 1860520944945068}
  m_LocalRotation: {x: -0, y: -0, z: -0, w: 1}
  m_LocalPosition: {x: -2.4, y: 16.962652, z: 0}
  m_LocalScale: {x: 18.771011, y: 43.94833, z: 0}
  m_Children: []
  m_Father: {fileID: 4946122422053680}
  m_RootOrder: 1
  m_LocalEulerAnglesHint: {x: 0, y: 0, z: 0}
--- !u!4 &4946122422053680
Transform:
  m_ObjectHideFlags: 1
  m_PrefabParentObject: {fileID: 0}
  m_PrefabInternal: {fileID: 100100000}
  m_GameObject: {fileID: 1814526892777688}
  m_LocalRotation: {x: 0, y: 0, z: 0, w: 1}
  m_LocalPosition: {x: -9.524, y: -0.828, z: 0}
  m_LocalScale: {x: 0.056521833, y: 0.056521833, z: 0.056521833}
  m_Children:
  - {fileID: 4574143812714486}
  - {fileID: 4717078895037912}
  m_Father: {fileID: 0}
  m_RootOrder: 0
  m_LocalEulerAnglesHint: {x: 0, y: 0, z: 0}
--- !u!23 &23968664716477024
MeshRenderer:
  m_ObjectHideFlags: 1
  m_PrefabParentObject: {fileID: 0}
  m_PrefabInternal: {fileID: 100100000}
  m_GameObject: {fileID: 1814526892777688}
  m_Enabled: 1
  m_CastShadows: 1
  m_ReceiveShadows: 1
  m_DynamicOccludee: 1
  m_MotionVectors: 1
  m_LightProbeUsage: 1
  m_ReflectionProbeUsage: 1
  m_RenderingLayerMask: 4294967295
  m_Materials:
  - {fileID: 2100000, guid: 12f1eea07b815974e8d7f98f60d0afc9, type: 2}
  m_StaticBatchInfo:
    firstSubMesh: 0
    subMeshCount: 0
  m_StaticBatchRoot: {fileID: 0}
  m_ProbeAnchor: {fileID: 0}
  m_LightProbeVolumeOverride: {fileID: 0}
  m_ScaleInLightmap: 1
  m_PreserveUVs: 0
  m_IgnoreNormalsForChartDetection: 0
  m_ImportantGI: 0
  m_StitchLightmapSeams: 0
  m_SelectedEditorRenderState: 3
  m_MinimumChartSize: 4
  m_AutoUVMaxDistance: 0.5
  m_AutoUVMaxAngle: 89
  m_LightmapParameters: {fileID: 0}
  m_SortingLayerID: 0
  m_SortingLayer: 0
  m_SortingOrder: 3
--- !u!33 &33457705442299856
MeshFilter:
  m_ObjectHideFlags: 1
  m_PrefabParentObject: {fileID: 0}
  m_PrefabInternal: {fileID: 100100000}
  m_GameObject: {fileID: 1814526892777688}
  m_Mesh: {fileID: 0}
--- !u!50 &50296267546845326
Rigidbody2D:
  serializedVersion: 4
  m_ObjectHideFlags: 1
  m_PrefabParentObject: {fileID: 0}
  m_PrefabInternal: {fileID: 100100000}
  m_GameObject: {fileID: 1814526892777688}
  m_BodyType: 0
  m_Simulated: 1
  m_UseFullKinematicContacts: 0
  m_UseAutoMass: 0
  m_Mass: 1
  m_LinearDrag: 0
  m_AngularDrag: 0.05
  m_GravityScale: 0
  m_Material: {fileID: 0}
  m_Interpolate: 0
  m_SleepingMode: 0
  m_CollisionDetection: 1
  m_Constraints: 4
--- !u!58 &58545358432843674
CircleCollider2D:
  m_ObjectHideFlags: 1
  m_PrefabParentObject: {fileID: 0}
  m_PrefabInternal: {fileID: 100100000}
  m_GameObject: {fileID: 1814526892777688}
  m_Enabled: 0
  m_Density: 1
  m_Material: {fileID: 0}
  m_IsTrigger: 1
  m_UsedByEffector: 0
  m_UsedByComposite: 0
  m_Offset: {x: 0, y: 0}
  serializedVersion: 2
  m_Radius: 2
--- !u!58 &58603219365436364
CircleCollider2D:
  m_ObjectHideFlags: 1
  m_PrefabParentObject: {fileID: 0}
  m_PrefabInternal: {fileID: 100100000}
  m_GameObject: {fileID: 1928225232585382}
  m_Enabled: 1
  m_Density: 1
  m_Material: {fileID: 0}
  m_IsTrigger: 1
  m_UsedByEffector: 0
  m_UsedByComposite: 0
  m_Offset: {x: 0, y: 0}
  serializedVersion: 2
  m_Radius: 1.5
--- !u!61 &61003181182512064
BoxCollider2D:
  m_ObjectHideFlags: 1
  m_PrefabParentObject: {fileID: 0}
  m_PrefabInternal: {fileID: 100100000}
  m_GameObject: {fileID: 1860520944945068}
  m_Enabled: 1
  m_Density: 1
  m_Material: {fileID: 0}
  m_IsTrigger: 1
  m_UsedByEffector: 0
  m_UsedByComposite: 0
  m_Offset: {x: 0, y: 0}
  m_SpriteTilingProperty:
    border: {x: 0, y: 0, z: 0, w: 0}
    pivot: {x: 0, y: 0}
    oldSize: {x: 0, y: 0}
    newSize: {x: 0, y: 0}
    adaptiveTilingThreshold: 0
    drawMode: 0
    adaptiveTiling: 0
  m_AutoTiling: 0
  serializedVersion: 2
  m_Size: {x: 0.912, y: 0.7666667}
  m_EdgeRadius: 0
--- !u!61 &61717671293053856
BoxCollider2D:
  m_ObjectHideFlags: 1
  m_PrefabParentObject: {fileID: 0}
  m_PrefabInternal: {fileID: 100100000}
  m_GameObject: {fileID: 1814526892777688}
  m_Enabled: 1
  m_Density: 1
  m_Material: {fileID: 0}
  m_IsTrigger: 0
  m_UsedByEffector: 0
  m_UsedByComposite: 0
  m_Offset: {x: 0, y: 0}
  m_SpriteTilingProperty:
    border: {x: 0, y: 0, z: 0, w: 0}
    pivot: {x: 0.5, y: 0.5}
    oldSize: {x: 0.912, y: 0.76666665}
    newSize: {x: 0.912, y: 0.76666665}
    adaptiveTilingThreshold: 0.5
    drawMode: 0
    adaptiveTiling: 0
  m_AutoTiling: 0
  serializedVersion: 2
  m_Size: {x: 0.912, y: 0.76666665}
  m_EdgeRadius: 0
--- !u!114 &114324766940043916
MonoBehaviour:
  m_ObjectHideFlags: 1
  m_PrefabParentObject: {fileID: 0}
  m_PrefabInternal: {fileID: 100100000}
  m_GameObject: {fileID: 1814526892777688}
  m_Enabled: 1
  m_EditorHideFlags: 0
  m_Script: {fileID: 11500000, guid: 5ca8e6ee789026444b9abe23ccbc6dae, type: 3}
  m_Name: 
  m_EditorClassIdentifier: 
  speed: 2
  useTilemapAsTarget: 0
  useGameobjectAsTarget: 0
  goalPathColor: {r: 1, g: 0, b: 0, a: 0}
  targetPathColor: {r: 0, g: 1, b: 0.1634264, a: 0}
  pathFound: 0
  goalPathGenInProgress: 0
  goalPathFound: 0
  targetPathGenInProgress: 0
  targetPathFound: 0
  startPathfinding: 0
  onGoalPath: 0
  onTargetPath: 0
  goalPathComplete: 0
  targetPathComplete: 0
  pathfindingPaused: 0
  enemyCollision: 0
  enemyTransform: {fileID: 0}
  gameManager: {fileID: 0}
--- !u!114 &114362180781466126
MonoBehaviour:
  m_ObjectHideFlags: 1
  m_PrefabParentObject: {fileID: 0}
  m_PrefabInternal: {fileID: 100100000}
  m_GameObject: {fileID: 1860520944945068}
  m_Enabled: 1
  m_EditorHideFlags: 0
  m_Script: {fileID: 11500000, guid: 3f060b82c94bfe342a2ff037a7a47dff, type: 3}
  m_Name: 
  m_EditorClassIdentifier: 
  parentGameObject: {fileID: 0}
--- !u!114 &114563857217132326
MonoBehaviour:
  m_ObjectHideFlags: 1
  m_PrefabParentObject: {fileID: 0}
  m_PrefabInternal: {fileID: 100100000}
  m_GameObject: {fileID: 1814526892777688}
  m_Enabled: 1
  m_EditorHideFlags: 0
  m_Script: {fileID: 11500000, guid: d247ba06193faa74d9335f5481b2b56c, type: 3}
  m_Name: 
  m_EditorClassIdentifier: 
  skeletonDataAsset: {fileID: 11400000, guid: 2710de8885cbba74588b902f0ef58205, type: 2}
  initialSkinName: default
  initialFlipX: 0
  initialFlipY: 0
  separatorSlotNames: []
  zSpacing: 0
  useClipping: 1
  immutableTriangles: 0
  pmaVertexColors: 1
  clearStateOnDisable: 0
  tintBlack: 0
  singleSubmesh: 0
  addNormals: 0
  calculateTangents: 0
  logErrors: 0
  disableRenderingOnOverride: 1
  _animationName: 
  loop: 0
  timeScale: 1
--- !u!114 &114616924327447284
MonoBehaviour:
  m_ObjectHideFlags: 1
  m_PrefabParentObject: {fileID: 0}
  m_PrefabInternal: {fileID: 100100000}
  m_GameObject: {fileID: 1814526892777688}
  m_Enabled: 1
  m_EditorHideFlags: 0
  m_Script: {fileID: 11500000, guid: e84a4fe2d028db84b9c96d6ca414b3be, type: 3}
  m_Name: 
  m_EditorClassIdentifier: 
  unitType: 0
  unitMainAttackType: 1
  unitSecondaryAttackType: 0
  startingHealthPoints: 1500
  currentHealthPoints: 0
  deathValue: 0
  deathValueAdded: 0
  enemyFound: 0
  currentEnemy: {fileID: 0}
  currentEnemyDead: 0
  beingAttackedBy: []
  futureEnemies: []
  hasFutureEnemies: 0
  threatLevel: 0
  attackRadius: 0
  damageOutput: 100
  attackRate: 2
  attackCooldown: 1
  nextAttack: 0
  attacking: 0
  beingAttacked: 0
  gameManager: {fileID: 0}
  animator: {fileID: 0}
  unitPathfinding: {fileID: 0}
  unitCost: 100
  deathCost: 0
  color: {r: 0, g: 0.74053025, b: 1, a: 0}
  walking: {fileID: 11400000, guid: c6fd45d4c6d5e8b4d85d13084fbe3e76, type: 2}
  idle: {fileID: 11400000, guid: 7fa3b163aecd9364281d6de4ceb5cdf5, type: 2}
  attackingAnimation: {fileID: 11400000, guid: e0ede7cdae87b464cbcb220654314614, type: 2}
--- !u!114 &114660268654376550
MonoBehaviour:
  m_ObjectHideFlags: 1
  m_PrefabParentObject: {fileID: 0}
  m_PrefabInternal: {fileID: 100100000}
  m_GameObject: {fileID: 1928225232585382}
  m_Enabled: 1
  m_EditorHideFlags: 0
  m_Script: {fileID: 11500000, guid: 3f060b82c94bfe342a2ff037a7a47dff, type: 3}
  m_Name: 
  m_EditorClassIdentifier: 
  parentGameObject: {fileID: 0}
