%YAML 1.1
%TAG !u! tag:unity3d.com,2011:
--- !u!29 &1
OcclusionCullingSettings:
  m_ObjectHideFlags: 0
  serializedVersion: 2
  m_OcclusionBakeSettings:
    smallestOccluder: 5
    smallestHole: 0.25
    backfaceThreshold: 100
  m_SceneGUID: 00000000000000000000000000000000
  m_OcclusionCullingData: {fileID: 0}
--- !u!104 &2
RenderSettings:
  m_ObjectHideFlags: 0
  serializedVersion: 9
  m_Fog: 0
  m_FogColor: {r: 0.5, g: 0.5, b: 0.5, a: 1}
  m_FogMode: 3
  m_FogDensity: 0.01
  m_LinearFogStart: 0
  m_LinearFogEnd: 300
  m_AmbientSkyColor: {r: 0.1, g: 0.1, b: 0.1, a: 1}
  m_AmbientEquatorColor: {r: 0.114, g: 0.125, b: 0.133, a: 1}
  m_AmbientGroundColor: {r: 0.047, g: 0.043, b: 0.035, a: 1}
  m_AmbientIntensity: 1
  m_AmbientMode: 4
  m_SubtractiveShadowColor: {r: 0.42, g: 0.478, b: 0.627, a: 1}
  m_SkyboxMaterial: {fileID: 0}
  m_HaloStrength: 0.5
  m_FlareStrength: 1
  m_FlareFadeSpeed: 3
  m_HaloTexture: {fileID: 0}
  m_SpotCookie: {fileID: 10001, guid: 0000000000000000e000000000000000, type: 0}
  m_DefaultReflectionMode: 0
  m_DefaultReflectionResolution: 128
  m_ReflectionBounces: 1
  m_ReflectionIntensity: 1
  m_CustomReflection: {fileID: 0}
  m_Sun: {fileID: 0}
  m_IndirectSpecularColor: {r: 0, g: 0, b: 0, a: 1}
  m_UseRadianceAmbientProbe: 0
--- !u!157 &3
LightmapSettings:
  m_ObjectHideFlags: 0
  serializedVersion: 11
  m_GIWorkflowMode: 1
  m_GISettings:
    serializedVersion: 2
    m_BounceScale: 1
    m_IndirectOutputScale: 1
    m_AlbedoBoost: 1
    m_TemporalCoherenceThreshold: 1
    m_EnvironmentLightingMode: 0
    m_EnableBakedLightmaps: 0
    m_EnableRealtimeLightmaps: 0
  m_LightmapEditorSettings:
    serializedVersion: 10
    m_Resolution: 2
    m_BakeResolution: 40
    m_AtlasSize: 1024
    m_AO: 0
    m_AOMaxDistance: 1
    m_CompAOExponent: 1
    m_CompAOExponentDirect: 0
    m_Padding: 2
    m_LightmapParameters: {fileID: 0}
    m_LightmapsBakeMode: 1
    m_TextureCompression: 1
    m_FinalGather: 0
    m_FinalGatherFiltering: 1
    m_FinalGatherRayCount: 256
    m_ReflectionCompression: 2
    m_MixedBakeMode: 2
    m_BakeBackend: 0
    m_PVRSampling: 1
    m_PVRDirectSampleCount: 32
    m_PVRSampleCount: 500
    m_PVRBounces: 2
    m_PVRFilterTypeDirect: 0
    m_PVRFilterTypeIndirect: 0
    m_PVRFilterTypeAO: 0
    m_PVRFilteringMode: 1
    m_PVRCulling: 1
    m_PVRFilteringGaussRadiusDirect: 1
    m_PVRFilteringGaussRadiusIndirect: 5
    m_PVRFilteringGaussRadiusAO: 2
    m_PVRFilteringAtrousPositionSigmaDirect: 0.5
    m_PVRFilteringAtrousPositionSigmaIndirect: 2
    m_PVRFilteringAtrousPositionSigmaAO: 1
    m_ShowResolutionOverlay: 1
  m_LightingDataAsset: {fileID: 0}
  m_UseShadowmask: 1
--- !u!196 &4
NavMeshSettings:
  serializedVersion: 2
  m_ObjectHideFlags: 0
  m_BuildSettings:
    serializedVersion: 2
    agentTypeID: 0
    agentRadius: 0.5
    agentHeight: 2
    agentSlope: 45
    agentClimb: 0.4
    ledgeDropHeight: 0
    maxJumpAcrossDistance: 0
    minRegionArea: 2
    manualCellSize: 0
    cellSize: 0.16666667
    manualTileSize: 0
    tileSize: 256
    accuratePlacement: 0
    debug:
      m_Flags: 0
  m_NavMeshData: {fileID: 0}
--- !u!1001 &2462870
Prefab:
  m_ObjectHideFlags: 0
  serializedVersion: 2
  m_Modification:
    m_TransformParent: {fileID: 0}
    m_Modifications:
    - target: {fileID: 4993765047557294, guid: de098d0f5818ea04898db3f1a832d34e, type: 2}
      propertyPath: m_LocalPosition.x
      value: 0
      objectReference: {fileID: 0}
    - target: {fileID: 4993765047557294, guid: de098d0f5818ea04898db3f1a832d34e, type: 2}
      propertyPath: m_LocalPosition.y
      value: -0.03
      objectReference: {fileID: 0}
    - target: {fileID: 4993765047557294, guid: de098d0f5818ea04898db3f1a832d34e, type: 2}
      propertyPath: m_LocalPosition.z
      value: 0
      objectReference: {fileID: 0}
    - target: {fileID: 4993765047557294, guid: de098d0f5818ea04898db3f1a832d34e, type: 2}
      propertyPath: m_LocalRotation.x
      value: 0
      objectReference: {fileID: 0}
    - target: {fileID: 4993765047557294, guid: de098d0f5818ea04898db3f1a832d34e, type: 2}
      propertyPath: m_LocalRotation.y
      value: 0
      objectReference: {fileID: 0}
    - target: {fileID: 4993765047557294, guid: de098d0f5818ea04898db3f1a832d34e, type: 2}
      propertyPath: m_LocalRotation.z
      value: 0
      objectReference: {fileID: 0}
    - target: {fileID: 4993765047557294, guid: de098d0f5818ea04898db3f1a832d34e, type: 2}
      propertyPath: m_LocalRotation.w
      value: 1
      objectReference: {fileID: 0}
    - target: {fileID: 4993765047557294, guid: de098d0f5818ea04898db3f1a832d34e, type: 2}
      propertyPath: m_RootOrder
      value: 5
      objectReference: {fileID: 0}
    - target: {fileID: 1947657365681644, guid: de098d0f5818ea04898db3f1a832d34e, type: 2}
      propertyPath: m_Name
      value: A-Star
      objectReference: {fileID: 0}
    - target: {fileID: 114351670424449210, guid: de098d0f5818ea04898db3f1a832d34e,
        type: 2}
      propertyPath: obstacles
      value: 
      objectReference: {fileID: 2048874820}
    - target: {fileID: 114351670424449210, guid: de098d0f5818ea04898db3f1a832d34e,
        type: 2}
      propertyPath: disableDiagonalMovement
      value: 1
      objectReference: {fileID: 0}
    - target: {fileID: 114351670424449210, guid: de098d0f5818ea04898db3f1a832d34e,
        type: 2}
      propertyPath: targets
      value: 
      objectReference: {fileID: 344506487}
    - target: {fileID: 114351670424449210, guid: de098d0f5818ea04898db3f1a832d34e,
        type: 2}
      propertyPath: displayGridGismos
      value: 0
      objectReference: {fileID: 0}
    - target: {fileID: 4993765047557294, guid: de098d0f5818ea04898db3f1a832d34e, type: 2}
      propertyPath: m_LocalScale.x
      value: 1
      objectReference: {fileID: 0}
    - target: {fileID: 4993765047557294, guid: de098d0f5818ea04898db3f1a832d34e, type: 2}
      propertyPath: m_LocalScale.y
      value: 1
      objectReference: {fileID: 0}
    - target: {fileID: 114351670424449210, guid: de098d0f5818ea04898db3f1a832d34e,
        type: 2}
      propertyPath: nodeRadius
      value: 0.5
      objectReference: {fileID: 0}
    - target: {fileID: 114351670424449210, guid: de098d0f5818ea04898db3f1a832d34e,
        type: 2}
      propertyPath: gridWorldSize.x
      value: 26
      objectReference: {fileID: 0}
    - target: {fileID: 114351670424449210, guid: de098d0f5818ea04898db3f1a832d34e,
        type: 2}
      propertyPath: gridWorldSize.y
      value: 20
      objectReference: {fileID: 0}
    - target: {fileID: 114351670424449210, guid: de098d0f5818ea04898db3f1a832d34e,
        type: 2}
      propertyPath: goals
      value: 
      objectReference: {fileID: 344506487}
    m_RemovedComponents: []
  m_ParentPrefab: {fileID: 100100000, guid: de098d0f5818ea04898db3f1a832d34e, type: 2}
  m_IsPrefabParent: 0
--- !u!1001 &46974843
Prefab:
  m_ObjectHideFlags: 0
  serializedVersion: 2
  m_Modification:
    m_TransformParent: {fileID: 0}
    m_Modifications:
    - target: {fileID: 4530351137327450, guid: 987724aa13698e34c99236da698a1a5b, type: 2}
      propertyPath: m_LocalPosition.x
      value: 7.22
      objectReference: {fileID: 0}
    - target: {fileID: 4530351137327450, guid: 987724aa13698e34c99236da698a1a5b, type: 2}
      propertyPath: m_LocalPosition.y
      value: -4.73
      objectReference: {fileID: 0}
    - target: {fileID: 4530351137327450, guid: 987724aa13698e34c99236da698a1a5b, type: 2}
      propertyPath: m_LocalPosition.z
      value: 0
      objectReference: {fileID: 0}
    - target: {fileID: 4530351137327450, guid: 987724aa13698e34c99236da698a1a5b, type: 2}
      propertyPath: m_LocalRotation.x
      value: 0
      objectReference: {fileID: 0}
    - target: {fileID: 4530351137327450, guid: 987724aa13698e34c99236da698a1a5b, type: 2}
      propertyPath: m_LocalRotation.y
      value: 0
      objectReference: {fileID: 0}
    - target: {fileID: 4530351137327450, guid: 987724aa13698e34c99236da698a1a5b, type: 2}
      propertyPath: m_LocalRotation.z
      value: 0
      objectReference: {fileID: 0}
    - target: {fileID: 4530351137327450, guid: 987724aa13698e34c99236da698a1a5b, type: 2}
      propertyPath: m_LocalRotation.w
      value: 1
      objectReference: {fileID: 0}
    - target: {fileID: 4530351137327450, guid: 987724aa13698e34c99236da698a1a5b, type: 2}
      propertyPath: m_RootOrder
      value: 19
      objectReference: {fileID: 0}
    - target: {fileID: 1278579033359542, guid: 987724aa13698e34c99236da698a1a5b, type: 2}
      propertyPath: m_Name
      value: Bear Trap (2)
      objectReference: {fileID: 0}
    m_RemovedComponents: []
  m_ParentPrefab: {fileID: 100100000, guid: 987724aa13698e34c99236da698a1a5b, type: 2}
  m_IsPrefabParent: 0
--- !u!1001 &176894891
Prefab:
  m_ObjectHideFlags: 0
  serializedVersion: 2
  m_Modification:
    m_TransformParent: {fileID: 0}
    m_Modifications:
    - target: {fileID: 4946122422053680, guid: a117b4c03a4e16746b622f2210ad8618, type: 2}
      propertyPath: m_LocalPosition.x
      value: -6.416396
      objectReference: {fileID: 0}
    - target: {fileID: 4946122422053680, guid: a117b4c03a4e16746b622f2210ad8618, type: 2}
      propertyPath: m_LocalPosition.y
      value: -5.245905
      objectReference: {fileID: 0}
    - target: {fileID: 4946122422053680, guid: a117b4c03a4e16746b622f2210ad8618, type: 2}
      propertyPath: m_LocalPosition.z
      value: 0
      objectReference: {fileID: 0}
    - target: {fileID: 4946122422053680, guid: a117b4c03a4e16746b622f2210ad8618, type: 2}
      propertyPath: m_LocalRotation.x
      value: 0
      objectReference: {fileID: 0}
    - target: {fileID: 4946122422053680, guid: a117b4c03a4e16746b622f2210ad8618, type: 2}
      propertyPath: m_LocalRotation.y
      value: 0
      objectReference: {fileID: 0}
    - target: {fileID: 4946122422053680, guid: a117b4c03a4e16746b622f2210ad8618, type: 2}
      propertyPath: m_LocalRotation.z
      value: 0
      objectReference: {fileID: 0}
    - target: {fileID: 4946122422053680, guid: a117b4c03a4e16746b622f2210ad8618, type: 2}
      propertyPath: m_LocalRotation.w
      value: 1
      objectReference: {fileID: 0}
    - target: {fileID: 4946122422053680, guid: a117b4c03a4e16746b622f2210ad8618, type: 2}
      propertyPath: m_RootOrder
      value: 3
      objectReference: {fileID: 0}
    - target: {fileID: 33457705442299856, guid: a117b4c03a4e16746b622f2210ad8618,
        type: 2}
      propertyPath: m_Mesh
      value: 
      objectReference: {fileID: 0}
    - target: {fileID: 1814526892777688, guid: a117b4c03a4e16746b622f2210ad8618, type: 2}
      propertyPath: m_IsActive
      value: 0
      objectReference: {fileID: 0}
    - target: {fileID: 114324766940043916, guid: a117b4c03a4e16746b622f2210ad8618,
        type: 2}
      propertyPath: goalPathColor.a
      value: 1
      objectReference: {fileID: 0}
    - target: {fileID: 114324766940043916, guid: a117b4c03a4e16746b622f2210ad8618,
        type: 2}
      propertyPath: targetPathColor.a
      value: 1
      objectReference: {fileID: 0}
    m_RemovedComponents: []
  m_ParentPrefab: {fileID: 100100000, guid: a117b4c03a4e16746b622f2210ad8618, type: 2}
  m_IsPrefabParent: 0
--- !u!1001 &239360649
Prefab:
  m_ObjectHideFlags: 0
  serializedVersion: 2
  m_Modification:
    m_TransformParent: {fileID: 0}
    m_Modifications:
    - target: {fileID: 4199822321229252, guid: 42314ad10b50a8d4cbf3feeadd3aee6d, type: 2}
      propertyPath: m_LocalPosition.x
      value: -4.4400024
      objectReference: {fileID: 0}
    - target: {fileID: 4199822321229252, guid: 42314ad10b50a8d4cbf3feeadd3aee6d, type: 2}
      propertyPath: m_LocalPosition.y
      value: -0.77
      objectReference: {fileID: 0}
    - target: {fileID: 4199822321229252, guid: 42314ad10b50a8d4cbf3feeadd3aee6d, type: 2}
      propertyPath: m_LocalPosition.z
      value: 0
      objectReference: {fileID: 0}
    - target: {fileID: 4199822321229252, guid: 42314ad10b50a8d4cbf3feeadd3aee6d, type: 2}
      propertyPath: m_LocalRotation.x
      value: 0
      objectReference: {fileID: 0}
    - target: {fileID: 4199822321229252, guid: 42314ad10b50a8d4cbf3feeadd3aee6d, type: 2}
      propertyPath: m_LocalRotation.y
      value: 0
      objectReference: {fileID: 0}
    - target: {fileID: 4199822321229252, guid: 42314ad10b50a8d4cbf3feeadd3aee6d, type: 2}
      propertyPath: m_LocalRotation.z
      value: 0
      objectReference: {fileID: 0}
    - target: {fileID: 4199822321229252, guid: 42314ad10b50a8d4cbf3feeadd3aee6d, type: 2}
      propertyPath: m_LocalRotation.w
      value: 1
      objectReference: {fileID: 0}
    - target: {fileID: 4199822321229252, guid: 42314ad10b50a8d4cbf3feeadd3aee6d, type: 2}
      propertyPath: m_RootOrder
      value: 13
      objectReference: {fileID: 0}
    - target: {fileID: 114734985673164424, guid: 42314ad10b50a8d4cbf3feeadd3aee6d,
        type: 2}
      propertyPath: gameManager
      value: 
      objectReference: {fileID: 2146917647}
    - target: {fileID: 1598233403440958, guid: 42314ad10b50a8d4cbf3feeadd3aee6d, type: 2}
      propertyPath: m_Name
      value: Elf Warrior
      objectReference: {fileID: 0}
    - target: {fileID: 58479085867126466, guid: 42314ad10b50a8d4cbf3feeadd3aee6d,
        type: 2}
      propertyPath: m_IsTrigger
      value: 1
      objectReference: {fileID: 0}
    - target: {fileID: 1598233403440958, guid: 42314ad10b50a8d4cbf3feeadd3aee6d, type: 2}
      propertyPath: m_IsActive
      value: 0
      objectReference: {fileID: 0}
    m_RemovedComponents: []
  m_ParentPrefab: {fileID: 100100000, guid: 42314ad10b50a8d4cbf3feeadd3aee6d, type: 2}
  m_IsPrefabParent: 0
--- !u!1 &295725701
GameObject:
  m_ObjectHideFlags: 0
  m_PrefabParentObject: {fileID: 0}
  m_PrefabInternal: {fileID: 0}
  serializedVersion: 5
  m_Component:
  - component: {fileID: 295725702}
  - component: {fileID: 295725705}
  - component: {fileID: 295725704}
  - component: {fileID: 295725703}
  m_Layer: 5
  m_Name: Pause Button
  m_TagString: Untagged
  m_Icon: {fileID: 0}
  m_NavMeshLayer: 0
  m_StaticEditorFlags: 0
  m_IsActive: 1
--- !u!224 &295725702
RectTransform:
  m_ObjectHideFlags: 0
  m_PrefabParentObject: {fileID: 0}
  m_PrefabInternal: {fileID: 0}
  m_GameObject: {fileID: 295725701}
  m_LocalRotation: {x: -0, y: -0, z: -0, w: 1}
  m_LocalPosition: {x: 0, y: 0, z: 0}
  m_LocalScale: {x: 1.86935, y: 1.34728, z: 1.34728}
  m_Children:
  - {fileID: 902827264}
  m_Father: {fileID: 1370286530}
  m_RootOrder: 2
  m_LocalEulerAnglesHint: {x: 0, y: 0, z: 0}
  m_AnchorMin: {x: 0.5, y: 0.5}
  m_AnchorMax: {x: 0.5, y: 0.5}
  m_AnchoredPosition: {x: 439, y: -236}
  m_SizeDelta: {x: 28.5, y: 38}
  m_Pivot: {x: 0.5, y: 0.5}
--- !u!114 &295725703
MonoBehaviour:
  m_ObjectHideFlags: 0
  m_PrefabParentObject: {fileID: 0}
  m_PrefabInternal: {fileID: 0}
  m_GameObject: {fileID: 295725701}
  m_Enabled: 1
  m_EditorHideFlags: 0
  m_Script: {fileID: 1392445389, guid: f70555f144d8491a825f0804e09c671c, type: 3}
  m_Name: 
  m_EditorClassIdentifier: 
  m_Navigation:
    m_Mode: 3
    m_SelectOnUp: {fileID: 0}
    m_SelectOnDown: {fileID: 0}
    m_SelectOnLeft: {fileID: 0}
    m_SelectOnRight: {fileID: 0}
  m_Transition: 1
  m_Colors:
    m_NormalColor: {r: 1, g: 1, b: 1, a: 1}
    m_HighlightedColor: {r: 0.9607843, g: 0.9607843, b: 0.9607843, a: 1}
    m_PressedColor: {r: 0.78431374, g: 0.78431374, b: 0.78431374, a: 1}
    m_DisabledColor: {r: 0.78431374, g: 0.78431374, b: 0.78431374, a: 0.5019608}
    m_ColorMultiplier: 1
    m_FadeDuration: 0.1
  m_SpriteState:
    m_HighlightedSprite: {fileID: 0}
    m_PressedSprite: {fileID: 0}
    m_DisabledSprite: {fileID: 0}
  m_AnimationTriggers:
    m_NormalTrigger: Normal
    m_HighlightedTrigger: Highlighted
    m_PressedTrigger: Pressed
    m_DisabledTrigger: Disabled
  m_Interactable: 1
  m_TargetGraphic: {fileID: 295725704}
  m_OnClick:
    m_PersistentCalls:
      m_Calls:
      - m_Target: {fileID: 2146917647}
        m_MethodName: PauseGame
        m_Mode: 1
        m_Arguments:
          m_ObjectArgument: {fileID: 0}
          m_ObjectArgumentAssemblyTypeName: UnityEngine.Object, UnityEngine
          m_IntArgument: 0
          m_FloatArgument: 0
          m_StringArgument: 
          m_BoolArgument: 0
        m_CallState: 2
    m_TypeName: UnityEngine.UI.Button+ButtonClickedEvent, UnityEngine.UI, Version=1.0.0.0,
      Culture=neutral, PublicKeyToken=null
--- !u!114 &295725704
MonoBehaviour:
  m_ObjectHideFlags: 0
  m_PrefabParentObject: {fileID: 0}
  m_PrefabInternal: {fileID: 0}
  m_GameObject: {fileID: 295725701}
  m_Enabled: 1
  m_EditorHideFlags: 0
  m_Script: {fileID: -765806418, guid: f70555f144d8491a825f0804e09c671c, type: 3}
  m_Name: 
  m_EditorClassIdentifier: 
  m_Material: {fileID: 0}
  m_Color: {r: 0.754717, g: 0.47564623, b: 0.23139909, a: 1}
  m_RaycastTarget: 1
  m_OnCullStateChanged:
    m_PersistentCalls:
      m_Calls: []
    m_TypeName: UnityEngine.UI.MaskableGraphic+CullStateChangedEvent, UnityEngine.UI,
      Version=1.0.0.0, Culture=neutral, PublicKeyToken=null
  m_Sprite: {fileID: 10905, guid: 0000000000000000f000000000000000, type: 0}
  m_Type: 1
  m_PreserveAspect: 0
  m_FillCenter: 1
  m_FillMethod: 4
  m_FillAmount: 1
  m_FillClockwise: 1
  m_FillOrigin: 0
--- !u!222 &295725705
CanvasRenderer:
  m_ObjectHideFlags: 0
  m_PrefabParentObject: {fileID: 0}
  m_PrefabInternal: {fileID: 0}
  m_GameObject: {fileID: 295725701}
--- !u!1001 &344506486
Prefab:
  m_ObjectHideFlags: 0
  serializedVersion: 2
  m_Modification:
    m_TransformParent: {fileID: 0}
    m_Modifications:
    - target: {fileID: 4782601908253322, guid: 948ba75e166a03e4c8bd657471ef7843, type: 2}
      propertyPath: m_LocalPosition.x
      value: 0.069999695
      objectReference: {fileID: 0}
    - target: {fileID: 4782601908253322, guid: 948ba75e166a03e4c8bd657471ef7843, type: 2}
      propertyPath: m_LocalPosition.y
      value: 0.030000001
      objectReference: {fileID: 0}
    - target: {fileID: 4782601908253322, guid: 948ba75e166a03e4c8bd657471ef7843, type: 2}
      propertyPath: m_LocalPosition.z
      value: 0
      objectReference: {fileID: 0}
    - target: {fileID: 4782601908253322, guid: 948ba75e166a03e4c8bd657471ef7843, type: 2}
      propertyPath: m_LocalRotation.x
      value: 0
      objectReference: {fileID: 0}
    - target: {fileID: 4782601908253322, guid: 948ba75e166a03e4c8bd657471ef7843, type: 2}
      propertyPath: m_LocalRotation.y
      value: 0
      objectReference: {fileID: 0}
    - target: {fileID: 4782601908253322, guid: 948ba75e166a03e4c8bd657471ef7843, type: 2}
      propertyPath: m_LocalRotation.z
      value: 0
      objectReference: {fileID: 0}
    - target: {fileID: 4782601908253322, guid: 948ba75e166a03e4c8bd657471ef7843, type: 2}
      propertyPath: m_LocalRotation.w
      value: 1
      objectReference: {fileID: 0}
    - target: {fileID: 4782601908253322, guid: 948ba75e166a03e4c8bd657471ef7843, type: 2}
      propertyPath: m_RootOrder
      value: 6
      objectReference: {fileID: 0}
    - target: {fileID: 1612342918804066, guid: 948ba75e166a03e4c8bd657471ef7843, type: 2}
      propertyPath: m_IsActive
      value: 1
      objectReference: {fileID: 0}
    - target: {fileID: 1398806211892038, guid: 948ba75e166a03e4c8bd657471ef7843, type: 2}
      propertyPath: m_IsActive
      value: 1
      objectReference: {fileID: 0}
    - target: {fileID: 1505286724284352, guid: 948ba75e166a03e4c8bd657471ef7843, type: 2}
      propertyPath: m_IsActive
      value: 1
      objectReference: {fileID: 0}
    m_RemovedComponents: []
  m_ParentPrefab: {fileID: 100100000, guid: 948ba75e166a03e4c8bd657471ef7843, type: 2}
  m_IsPrefabParent: 0
--- !u!1839735485 &344506487 stripped
Tilemap:
  m_PrefabParentObject: {fileID: 8195094281771877532, guid: 948ba75e166a03e4c8bd657471ef7843,
    type: 2}
  m_PrefabInternal: {fileID: 344506486}
--- !u!1 &485605799
GameObject:
  m_ObjectHideFlags: 0
  m_PrefabParentObject: {fileID: 0}
  m_PrefabInternal: {fileID: 0}
  serializedVersion: 5
  m_Component:
  - component: {fileID: 485605801}
  - component: {fileID: 485605800}
  m_Layer: 0
  m_Name: UI Drawings for Button Selection
  m_TagString: Untagged
  m_Icon: {fileID: 0}
  m_NavMeshLayer: 0
  m_StaticEditorFlags: 0
  m_IsActive: 1
--- !u!212 &485605800
SpriteRenderer:
  m_ObjectHideFlags: 0
  m_PrefabParentObject: {fileID: 0}
  m_PrefabInternal: {fileID: 0}
  m_GameObject: {fileID: 485605799}
  m_Enabled: 1
  m_CastShadows: 0
  m_ReceiveShadows: 0
  m_DynamicOccludee: 1
  m_MotionVectors: 1
  m_LightProbeUsage: 1
  m_ReflectionProbeUsage: 1
  m_RenderingLayerMask: 4294967295
  m_Materials:
  - {fileID: 10754, guid: 0000000000000000f000000000000000, type: 0}
  m_StaticBatchInfo:
    firstSubMesh: 0
    subMeshCount: 0
  m_StaticBatchRoot: {fileID: 0}
  m_ProbeAnchor: {fileID: 0}
  m_LightProbeVolumeOverride: {fileID: 0}
  m_ScaleInLightmap: 1
  m_PreserveUVs: 0
  m_IgnoreNormalsForChartDetection: 0
  m_ImportantGI: 0
  m_StitchLightmapSeams: 0
  m_SelectedEditorRenderState: 0
  m_MinimumChartSize: 4
  m_AutoUVMaxDistance: 0.5
  m_AutoUVMaxAngle: 89
  m_LightmapParameters: {fileID: 0}
  m_SortingLayerID: 0
  m_SortingLayer: 0
  m_SortingOrder: 2
  m_Sprite: {fileID: 21300000, guid: 23585c9f2d1f7da41b516ef11dcac1b0, type: 3}
  m_Color: {r: 1, g: 1, b: 1, a: 1}
  m_FlipX: 0
  m_FlipY: 0
  m_DrawMode: 0
  m_Size: {x: 4, y: 4}
  m_AdaptiveModeThreshold: 0.5
  m_SpriteTileMode: 0
  m_WasSpriteAssigned: 0
  m_MaskInteraction: 0
--- !u!4 &485605801
Transform:
  m_ObjectHideFlags: 0
  m_PrefabParentObject: {fileID: 0}
  m_PrefabInternal: {fileID: 0}
  m_GameObject: {fileID: 485605799}
  m_LocalRotation: {x: 0, y: 0, z: 0, w: 1}
  m_LocalPosition: {x: -14.88, y: 8.03, z: 0}
  m_LocalScale: {x: 0.26281196, y: 0.2542022, z: 0.1982385}
  m_Children: []
  m_Father: {fileID: 0}
  m_RootOrder: 15
  m_LocalEulerAnglesHint: {x: 0, y: 0, z: 0}
--- !u!1 &522066907
GameObject:
  m_ObjectHideFlags: 0
  m_PrefabParentObject: {fileID: 0}
  m_PrefabInternal: {fileID: 0}
  serializedVersion: 5
  m_Component:
  - component: {fileID: 522066908}
  - component: {fileID: 522066910}
  - component: {fileID: 522066909}
  m_Layer: 5
  m_Name: playerCurrency Text
  m_TagString: Untagged
  m_Icon: {fileID: 0}
  m_NavMeshLayer: 0
  m_StaticEditorFlags: 0
  m_IsActive: 1
--- !u!224 &522066908
RectTransform:
  m_ObjectHideFlags: 0
  m_PrefabParentObject: {fileID: 0}
  m_PrefabInternal: {fileID: 0}
  m_GameObject: {fileID: 522066907}
  m_LocalRotation: {x: 0, y: 0, z: 0, w: 1}
  m_LocalPosition: {x: 0, y: 0, z: 0}
  m_LocalScale: {x: 1, y: 1, z: 1}
  m_Children: []
  m_Father: {fileID: 1370286530}
  m_RootOrder: 0
  m_LocalEulerAnglesHint: {x: 0, y: 0, z: 0}
  m_AnchorMin: {x: 0.5, y: 0.5}
  m_AnchorMax: {x: 0.5, y: 0.5}
  m_AnchoredPosition: {x: -151, y: 163}
  m_SizeDelta: {x: 335.3, y: 30}
  m_Pivot: {x: 0.5, y: 0.5}
--- !u!114 &522066909
MonoBehaviour:
  m_ObjectHideFlags: 0
  m_PrefabParentObject: {fileID: 0}
  m_PrefabInternal: {fileID: 0}
  m_GameObject: {fileID: 522066907}
  m_Enabled: 1
  m_EditorHideFlags: 0
  m_Script: {fileID: 708705254, guid: f70555f144d8491a825f0804e09c671c, type: 3}
  m_Name: 
  m_EditorClassIdentifier: 
  m_Material: {fileID: 0}
  m_Color: {r: 1, g: 0, b: 0.029372692, a: 1}
  m_RaycastTarget: 1
  m_OnCullStateChanged:
    m_PersistentCalls:
      m_Calls: []
    m_TypeName: UnityEngine.UI.MaskableGraphic+CullStateChangedEvent, UnityEngine.UI,
      Version=1.0.0.0, Culture=neutral, PublicKeyToken=null
  m_FontData:
    m_Font: {fileID: 12800000, guid: 611c407232bde274ca8236d13031da90, type: 3}
    m_FontSize: 26
    m_FontStyle: 0
    m_BestFit: 0
    m_MinSize: 10
    m_MaxSize: 40
    m_Alignment: 0
    m_AlignByGeometry: 0
    m_RichText: 1
    m_HorizontalOverflow: 0
    m_VerticalOverflow: 0
    m_LineSpacing: 1
  m_Text: 0
--- !u!222 &522066910
CanvasRenderer:
  m_ObjectHideFlags: 0
  m_PrefabParentObject: {fileID: 0}
  m_PrefabInternal: {fileID: 0}
  m_GameObject: {fileID: 522066907}
--- !u!1 &576656531
GameObject:
  m_ObjectHideFlags: 0
  m_PrefabParentObject: {fileID: 1733236072005438, guid: 1678699e58cd51a43988ba7415bd0c4a,
    type: 2}
  m_PrefabInternal: {fileID: 0}
  serializedVersion: 5
  m_Component:
  - component: {fileID: 576656532}
  - component: {fileID: 576656534}
  - component: {fileID: 576656533}
  m_Layer: 5
  m_Name: Attacker Selection Ladder
  m_TagString: Untagged
  m_Icon: {fileID: 0}
  m_NavMeshLayer: 0
  m_StaticEditorFlags: 0
  m_IsActive: 1
--- !u!224 &576656532
RectTransform:
  m_ObjectHideFlags: 0
  m_PrefabParentObject: {fileID: 224289419602035774, guid: 1678699e58cd51a43988ba7415bd0c4a,
    type: 2}
  m_PrefabInternal: {fileID: 0}
  m_GameObject: {fileID: 576656531}
  m_LocalRotation: {x: -0, y: -0, z: -0, w: 1}
  m_LocalPosition: {x: 0, y: 0, z: 0}
  m_LocalScale: {x: 1, y: 1, z: 1}
  m_Children:
  - {fileID: 1515901196}
  m_Father: {fileID: 1370286530}
  m_RootOrder: 4
  m_LocalEulerAnglesHint: {x: 0, y: 0, z: 0}
  m_AnchorMin: {x: 0.5, y: 0.5}
  m_AnchorMax: {x: 0.5, y: 0.5}
  m_AnchoredPosition: {x: -405.1, y: 16.9}
  m_SizeDelta: {x: 100.7, y: 537.95}
  m_Pivot: {x: 0.5, y: 0.5}
--- !u!114 &576656533
MonoBehaviour:
  m_ObjectHideFlags: 0
  m_PrefabParentObject: {fileID: 114916383333965442, guid: 1678699e58cd51a43988ba7415bd0c4a,
    type: 2}
  m_PrefabInternal: {fileID: 0}
  m_GameObject: {fileID: 576656531}
  m_Enabled: 1
  m_EditorHideFlags: 0
  m_Script: {fileID: -765806418, guid: f70555f144d8491a825f0804e09c671c, type: 3}
  m_Name: 
  m_EditorClassIdentifier: 
  m_Material: {fileID: 0}
  m_Color: {r: 1, g: 1, b: 1, a: 1}
  m_RaycastTarget: 0
  m_OnCullStateChanged:
    m_PersistentCalls:
      m_Calls: []
    m_TypeName: UnityEngine.UI.MaskableGraphic+CullStateChangedEvent, UnityEngine.UI,
      Version=1.0.0.0, Culture=neutral, PublicKeyToken=null
  m_Sprite: {fileID: 21300000, guid: 7895b6d8dcf336645ac5982c16598642, type: 3}
  m_Type: 0
  m_PreserveAspect: 0
  m_FillCenter: 1
  m_FillMethod: 4
  m_FillAmount: 1
  m_FillClockwise: 1
  m_FillOrigin: 0
--- !u!222 &576656534
CanvasRenderer:
  m_ObjectHideFlags: 0
  m_PrefabParentObject: {fileID: 222446932677452800, guid: 1678699e58cd51a43988ba7415bd0c4a,
    type: 2}
  m_PrefabInternal: {fileID: 0}
  m_GameObject: {fileID: 576656531}
--- !u!1 &902827263
GameObject:
  m_ObjectHideFlags: 0
  m_PrefabParentObject: {fileID: 0}
  m_PrefabInternal: {fileID: 0}
  serializedVersion: 5
  m_Component:
  - component: {fileID: 902827264}
  - component: {fileID: 902827266}
  - component: {fileID: 902827265}
  m_Layer: 5
  m_Name: Text
  m_TagString: Untagged
  m_Icon: {fileID: 0}
  m_NavMeshLayer: 0
  m_StaticEditorFlags: 0
  m_IsActive: 1
--- !u!224 &902827264
RectTransform:
  m_ObjectHideFlags: 0
  m_PrefabParentObject: {fileID: 0}
  m_PrefabInternal: {fileID: 0}
  m_GameObject: {fileID: 902827263}
  m_LocalRotation: {x: 0, y: 0, z: 0, w: 1}
  m_LocalPosition: {x: 0, y: 0, z: 0}
  m_LocalScale: {x: 1, y: 1, z: 1}
  m_Children: []
  m_Father: {fileID: 295725702}
  m_RootOrder: 0
  m_LocalEulerAnglesHint: {x: 0, y: 0, z: 0}
  m_AnchorMin: {x: 0, y: 0}
  m_AnchorMax: {x: 1, y: 1}
  m_AnchoredPosition: {x: -1, y: -4.4}
  m_SizeDelta: {x: -2, y: -0.0000076294}
  m_Pivot: {x: 0.5, y: 0.5}
--- !u!114 &902827265
MonoBehaviour:
  m_ObjectHideFlags: 0
  m_PrefabParentObject: {fileID: 0}
  m_PrefabInternal: {fileID: 0}
  m_GameObject: {fileID: 902827263}
  m_Enabled: 1
  m_EditorHideFlags: 0
  m_Script: {fileID: 708705254, guid: f70555f144d8491a825f0804e09c671c, type: 3}
  m_Name: 
  m_EditorClassIdentifier: 
  m_Material: {fileID: 0}
  m_Color: {r: 0.6320754, g: 0, b: 0, a: 1}
  m_RaycastTarget: 1
  m_OnCullStateChanged:
    m_PersistentCalls:
      m_Calls: []
    m_TypeName: UnityEngine.UI.MaskableGraphic+CullStateChangedEvent, UnityEngine.UI,
      Version=1.0.0.0, Culture=neutral, PublicKeyToken=null
  m_FontData:
    m_Font: {fileID: 12800000, guid: 372876620bfbf0b48ae8c9c77e837a26, type: 3}
    m_FontSize: 26
    m_FontStyle: 0
    m_BestFit: 0
    m_MinSize: 3
    m_MaxSize: 53
    m_Alignment: 4
    m_AlignByGeometry: 0
    m_RichText: 1
    m_HorizontalOverflow: 0
    m_VerticalOverflow: 0
    m_LineSpacing: 1
  m_Text: I I
--- !u!222 &902827266
CanvasRenderer:
  m_ObjectHideFlags: 0
  m_PrefabParentObject: {fileID: 0}
  m_PrefabInternal: {fileID: 0}
  m_GameObject: {fileID: 902827263}
--- !u!1001 &967432115
Prefab:
  m_ObjectHideFlags: 0
  serializedVersion: 2
  m_Modification:
    m_TransformParent: {fileID: 0}
    m_Modifications:
    - target: {fileID: 4863735723293750, guid: 4dd7bdc01ff016142bbe0f59df0604e3, type: 2}
      propertyPath: m_LocalPosition.x
      value: 1.1399994
      objectReference: {fileID: 0}
    - target: {fileID: 4863735723293750, guid: 4dd7bdc01ff016142bbe0f59df0604e3, type: 2}
      propertyPath: m_LocalPosition.y
      value: 4.71
      objectReference: {fileID: 0}
    - target: {fileID: 4863735723293750, guid: 4dd7bdc01ff016142bbe0f59df0604e3, type: 2}
      propertyPath: m_LocalPosition.z
      value: 0
      objectReference: {fileID: 0}
    - target: {fileID: 4863735723293750, guid: 4dd7bdc01ff016142bbe0f59df0604e3, type: 2}
      propertyPath: m_LocalRotation.x
      value: 0
      objectReference: {fileID: 0}
    - target: {fileID: 4863735723293750, guid: 4dd7bdc01ff016142bbe0f59df0604e3, type: 2}
      propertyPath: m_LocalRotation.y
      value: 0
      objectReference: {fileID: 0}
    - target: {fileID: 4863735723293750, guid: 4dd7bdc01ff016142bbe0f59df0604e3, type: 2}
      propertyPath: m_LocalRotation.z
      value: 0
      objectReference: {fileID: 0}
    - target: {fileID: 4863735723293750, guid: 4dd7bdc01ff016142bbe0f59df0604e3, type: 2}
      propertyPath: m_LocalRotation.w
      value: 1
      objectReference: {fileID: 0}
    - target: {fileID: 4863735723293750, guid: 4dd7bdc01ff016142bbe0f59df0604e3, type: 2}
      propertyPath: m_RootOrder
      value: 10
      objectReference: {fileID: 0}
    - target: {fileID: 114579244936780732, guid: 4dd7bdc01ff016142bbe0f59df0604e3,
        type: 2}
      propertyPath: gameManager
      value: 
      objectReference: {fileID: 2146917647}
    - target: {fileID: 1797265145599790, guid: 4dd7bdc01ff016142bbe0f59df0604e3, type: 2}
      propertyPath: m_Name
      value: Elf Archer (2)
      objectReference: {fileID: 0}
    - target: {fileID: 58056322346478792, guid: 4dd7bdc01ff016142bbe0f59df0604e3,
        type: 2}
      propertyPath: m_Enabled
      value: 1
      objectReference: {fileID: 0}
    - target: {fileID: 1797265145599790, guid: 4dd7bdc01ff016142bbe0f59df0604e3, type: 2}
      propertyPath: m_IsActive
      value: 0
      objectReference: {fileID: 0}
    m_RemovedComponents: []
  m_ParentPrefab: {fileID: 100100000, guid: 4dd7bdc01ff016142bbe0f59df0604e3, type: 2}
  m_IsPrefabParent: 0
--- !u!1001 &1027235613
Prefab:
  m_ObjectHideFlags: 0
  serializedVersion: 2
  m_Modification:
    m_TransformParent: {fileID: 0}
    m_Modifications:
    - target: {fileID: 4530351137327450, guid: 987724aa13698e34c99236da698a1a5b, type: 2}
      propertyPath: m_LocalPosition.x
      value: -4.89
      objectReference: {fileID: 0}
    - target: {fileID: 4530351137327450, guid: 987724aa13698e34c99236da698a1a5b, type: 2}
      propertyPath: m_LocalPosition.y
      value: 3.58
      objectReference: {fileID: 0}
    - target: {fileID: 4530351137327450, guid: 987724aa13698e34c99236da698a1a5b, type: 2}
      propertyPath: m_LocalPosition.z
      value: 0
      objectReference: {fileID: 0}
    - target: {fileID: 4530351137327450, guid: 987724aa13698e34c99236da698a1a5b, type: 2}
      propertyPath: m_LocalRotation.x
      value: 0
      objectReference: {fileID: 0}
    - target: {fileID: 4530351137327450, guid: 987724aa13698e34c99236da698a1a5b, type: 2}
      propertyPath: m_LocalRotation.y
      value: 0
      objectReference: {fileID: 0}
    - target: {fileID: 4530351137327450, guid: 987724aa13698e34c99236da698a1a5b, type: 2}
      propertyPath: m_LocalRotation.z
      value: 0
      objectReference: {fileID: 0}
    - target: {fileID: 4530351137327450, guid: 987724aa13698e34c99236da698a1a5b, type: 2}
      propertyPath: m_LocalRotation.w
      value: 1
      objectReference: {fileID: 0}
    - target: {fileID: 4530351137327450, guid: 987724aa13698e34c99236da698a1a5b, type: 2}
      propertyPath: m_RootOrder
      value: 17
      objectReference: {fileID: 0}
    - target: {fileID: 61408297473103674, guid: 987724aa13698e34c99236da698a1a5b,
        type: 2}
      propertyPath: m_IsTrigger
      value: 0
      objectReference: {fileID: 0}
    m_RemovedComponents: []
  m_ParentPrefab: {fileID: 100100000, guid: 987724aa13698e34c99236da698a1a5b, type: 2}
  m_IsPrefabParent: 0
--- !u!1001 &1118827896
Prefab:
  m_ObjectHideFlags: 0
  serializedVersion: 2
  m_Modification:
    m_TransformParent: {fileID: 0}
    m_Modifications:
    - target: {fileID: 4092185078336210, guid: b4d4c95a1b3071b45bc264b0fa52ef57, type: 2}
      propertyPath: m_LocalPosition.x
      value: 4.34
      objectReference: {fileID: 0}
    - target: {fileID: 4092185078336210, guid: b4d4c95a1b3071b45bc264b0fa52ef57, type: 2}
      propertyPath: m_LocalPosition.y
      value: -1.98
      objectReference: {fileID: 0}
    - target: {fileID: 4092185078336210, guid: b4d4c95a1b3071b45bc264b0fa52ef57, type: 2}
      propertyPath: m_LocalPosition.z
      value: 0
      objectReference: {fileID: 0}
    - target: {fileID: 4092185078336210, guid: b4d4c95a1b3071b45bc264b0fa52ef57, type: 2}
      propertyPath: m_LocalRotation.x
      value: 0
      objectReference: {fileID: 0}
    - target: {fileID: 4092185078336210, guid: b4d4c95a1b3071b45bc264b0fa52ef57, type: 2}
      propertyPath: m_LocalRotation.y
      value: 0
      objectReference: {fileID: 0}
    - target: {fileID: 4092185078336210, guid: b4d4c95a1b3071b45bc264b0fa52ef57, type: 2}
      propertyPath: m_LocalRotation.z
      value: 0
      objectReference: {fileID: 0}
    - target: {fileID: 4092185078336210, guid: b4d4c95a1b3071b45bc264b0fa52ef57, type: 2}
      propertyPath: m_LocalRotation.w
      value: 1
      objectReference: {fileID: 0}
    - target: {fileID: 4092185078336210, guid: b4d4c95a1b3071b45bc264b0fa52ef57, type: 2}
      propertyPath: m_RootOrder
      value: 11
      objectReference: {fileID: 0}
    - target: {fileID: 114089354677657460, guid: b4d4c95a1b3071b45bc264b0fa52ef57,
        type: 2}
      propertyPath: gameManager
      value: 
      objectReference: {fileID: 2146917647}
    - target: {fileID: 1323627531486342, guid: b4d4c95a1b3071b45bc264b0fa52ef57, type: 2}
      propertyPath: m_Name
      value: Elf Mage
      objectReference: {fileID: 0}
    - target: {fileID: 58249016817846112, guid: b4d4c95a1b3071b45bc264b0fa52ef57,
        type: 2}
      propertyPath: m_Radius
      value: 5.39
      objectReference: {fileID: 0}
    - target: {fileID: 1323627531486342, guid: b4d4c95a1b3071b45bc264b0fa52ef57, type: 2}
      propertyPath: m_IsActive
      value: 0
      objectReference: {fileID: 0}
    m_RemovedComponents: []
  m_ParentPrefab: {fileID: 100100000, guid: b4d4c95a1b3071b45bc264b0fa52ef57, type: 2}
  m_IsPrefabParent: 0
--- !u!1001 &1325293968
Prefab:
  m_ObjectHideFlags: 0
  serializedVersion: 2
  m_Modification:
    m_TransformParent: {fileID: 0}
    m_Modifications:
    - target: {fileID: 4530351137327450, guid: 987724aa13698e34c99236da698a1a5b, type: 2}
      propertyPath: m_LocalPosition.x
      value: 0.87
      objectReference: {fileID: 0}
    - target: {fileID: 4530351137327450, guid: 987724aa13698e34c99236da698a1a5b, type: 2}
      propertyPath: m_LocalPosition.y
      value: -0.37
      objectReference: {fileID: 0}
    - target: {fileID: 4530351137327450, guid: 987724aa13698e34c99236da698a1a5b, type: 2}
      propertyPath: m_LocalPosition.z
      value: 0
      objectReference: {fileID: 0}
    - target: {fileID: 4530351137327450, guid: 987724aa13698e34c99236da698a1a5b, type: 2}
      propertyPath: m_LocalRotation.x
      value: 0
      objectReference: {fileID: 0}
    - target: {fileID: 4530351137327450, guid: 987724aa13698e34c99236da698a1a5b, type: 2}
      propertyPath: m_LocalRotation.y
      value: 0
      objectReference: {fileID: 0}
    - target: {fileID: 4530351137327450, guid: 987724aa13698e34c99236da698a1a5b, type: 2}
      propertyPath: m_LocalRotation.z
      value: 0
      objectReference: {fileID: 0}
    - target: {fileID: 4530351137327450, guid: 987724aa13698e34c99236da698a1a5b, type: 2}
      propertyPath: m_LocalRotation.w
      value: 1
      objectReference: {fileID: 0}
    - target: {fileID: 4530351137327450, guid: 987724aa13698e34c99236da698a1a5b, type: 2}
      propertyPath: m_RootOrder
      value: 18
      objectReference: {fileID: 0}
    - target: {fileID: 1278579033359542, guid: 987724aa13698e34c99236da698a1a5b, type: 2}
      propertyPath: m_Name
      value: Bear Trap (1)
      objectReference: {fileID: 0}
    m_RemovedComponents: []
  m_ParentPrefab: {fileID: 100100000, guid: 987724aa13698e34c99236da698a1a5b, type: 2}
  m_IsPrefabParent: 0
--- !u!1 &1370286526
GameObject:
  m_ObjectHideFlags: 0
  m_PrefabParentObject: {fileID: 0}
  m_PrefabInternal: {fileID: 0}
  serializedVersion: 5
  m_Component:
  - component: {fileID: 1370286530}
  - component: {fileID: 1370286529}
  - component: {fileID: 1370286528}
  - component: {fileID: 1370286527}
  m_Layer: 5
  m_Name: Canvas
  m_TagString: Untagged
  m_Icon: {fileID: 0}
  m_NavMeshLayer: 0
  m_StaticEditorFlags: 0
  m_IsActive: 0
--- !u!114 &1370286527
MonoBehaviour:
  m_ObjectHideFlags: 0
  m_PrefabParentObject: {fileID: 0}
  m_PrefabInternal: {fileID: 0}
  m_GameObject: {fileID: 1370286526}
  m_Enabled: 1
  m_EditorHideFlags: 0
  m_Script: {fileID: 1301386320, guid: f70555f144d8491a825f0804e09c671c, type: 3}
  m_Name: 
  m_EditorClassIdentifier: 
  m_IgnoreReversedGraphics: 1
  m_BlockingObjects: 0
  m_BlockingMask:
    serializedVersion: 2
    m_Bits: 4294967295
--- !u!114 &1370286528
MonoBehaviour:
  m_ObjectHideFlags: 0
  m_PrefabParentObject: {fileID: 0}
  m_PrefabInternal: {fileID: 0}
  m_GameObject: {fileID: 1370286526}
  m_Enabled: 1
  m_EditorHideFlags: 0
  m_Script: {fileID: 1980459831, guid: f70555f144d8491a825f0804e09c671c, type: 3}
  m_Name: 
  m_EditorClassIdentifier: 
  m_UiScaleMode: 0
  m_ReferencePixelsPerUnit: 100
  m_ScaleFactor: 1
  m_ReferenceResolution: {x: 800, y: 600}
  m_ScreenMatchMode: 0
  m_MatchWidthOrHeight: 0
  m_PhysicalUnit: 3
  m_FallbackScreenDPI: 96
  m_DefaultSpriteDPI: 96
  m_DynamicPixelsPerUnit: 1
--- !u!223 &1370286529
Canvas:
  m_ObjectHideFlags: 0
  m_PrefabParentObject: {fileID: 0}
  m_PrefabInternal: {fileID: 0}
  m_GameObject: {fileID: 1370286526}
  m_Enabled: 1
  serializedVersion: 3
  m_RenderMode: 0
  m_Camera: {fileID: 0}
  m_PlaneDistance: 100
  m_PixelPerfect: 0
  m_ReceivesEvents: 1
  m_OverrideSorting: 0
  m_OverridePixelPerfect: 0
  m_SortingBucketNormalizedSize: 0
  m_AdditionalShaderChannelsFlag: 0
  m_SortingLayerID: 0
  m_SortingOrder: 0
  m_TargetDisplay: 0
--- !u!224 &1370286530
RectTransform:
  m_ObjectHideFlags: 0
  m_PrefabParentObject: {fileID: 0}
  m_PrefabInternal: {fileID: 0}
  m_GameObject: {fileID: 1370286526}
  m_LocalRotation: {x: 0, y: 0, z: 0, w: 1}
  m_LocalPosition: {x: 0, y: 0, z: 0}
  m_LocalScale: {x: 0, y: 0, z: 0}
  m_Children:
  - {fileID: 522066908}
  - {fileID: 1855459933}
  - {fileID: 295725702}
  - {fileID: 2057547461}
  - {fileID: 576656532}
  m_Father: {fileID: 0}
  m_RootOrder: 1
  m_LocalEulerAnglesHint: {x: 0, y: 0, z: 0}
  m_AnchorMin: {x: 0, y: 0}
  m_AnchorMax: {x: 0, y: 0}
  m_AnchoredPosition: {x: 0, y: 0}
  m_SizeDelta: {x: 0, y: 0}
  m_Pivot: {x: 0, y: 0}
--- !u!1001 &1408945602
Prefab:
  m_ObjectHideFlags: 0
  serializedVersion: 2
  m_Modification:
    m_TransformParent: {fileID: 0}
    m_Modifications:
    - target: {fileID: 4092185078336210, guid: b4d4c95a1b3071b45bc264b0fa52ef57, type: 2}
      propertyPath: m_LocalPosition.x
      value: 6.9699974
      objectReference: {fileID: 0}
    - target: {fileID: 4092185078336210, guid: b4d4c95a1b3071b45bc264b0fa52ef57, type: 2}
      propertyPath: m_LocalPosition.y
      value: 0.03
      objectReference: {fileID: 0}
    - target: {fileID: 4092185078336210, guid: b4d4c95a1b3071b45bc264b0fa52ef57, type: 2}
      propertyPath: m_LocalPosition.z
      value: 0
      objectReference: {fileID: 0}
    - target: {fileID: 4092185078336210, guid: b4d4c95a1b3071b45bc264b0fa52ef57, type: 2}
      propertyPath: m_LocalRotation.x
      value: 0
      objectReference: {fileID: 0}
    - target: {fileID: 4092185078336210, guid: b4d4c95a1b3071b45bc264b0fa52ef57, type: 2}
      propertyPath: m_LocalRotation.y
      value: 0
      objectReference: {fileID: 0}
    - target: {fileID: 4092185078336210, guid: b4d4c95a1b3071b45bc264b0fa52ef57, type: 2}
      propertyPath: m_LocalRotation.z
      value: 0
      objectReference: {fileID: 0}
    - target: {fileID: 4092185078336210, guid: b4d4c95a1b3071b45bc264b0fa52ef57, type: 2}
      propertyPath: m_LocalRotation.w
      value: 1
      objectReference: {fileID: 0}
    - target: {fileID: 4092185078336210, guid: b4d4c95a1b3071b45bc264b0fa52ef57, type: 2}
      propertyPath: m_RootOrder
      value: 12
      objectReference: {fileID: 0}
    - target: {fileID: 1323627531486342, guid: b4d4c95a1b3071b45bc264b0fa52ef57, type: 2}
      propertyPath: m_Name
      value: Elf Mage (1)
      objectReference: {fileID: 0}
    - target: {fileID: 1323627531486342, guid: b4d4c95a1b3071b45bc264b0fa52ef57, type: 2}
      propertyPath: m_IsActive
      value: 1
      objectReference: {fileID: 0}
    - target: {fileID: 1489672577582240, guid: b4d4c95a1b3071b45bc264b0fa52ef57, type: 2}
      propertyPath: m_IsActive
      value: 0
      objectReference: {fileID: 0}
    - target: {fileID: 1845188479787366, guid: b4d4c95a1b3071b45bc264b0fa52ef57, type: 2}
      propertyPath: m_IsActive
      value: 0
      objectReference: {fileID: 0}
    m_RemovedComponents:
    - {fileID: 61320506691857262, guid: b4d4c95a1b3071b45bc264b0fa52ef57, type: 2}
    - {fileID: 58167100859324944, guid: b4d4c95a1b3071b45bc264b0fa52ef57, type: 2}
  m_ParentPrefab: {fileID: 100100000, guid: b4d4c95a1b3071b45bc264b0fa52ef57, type: 2}
  m_IsPrefabParent: 0
--- !u!1001 &1413610402
Prefab:
  m_ObjectHideFlags: 0
  serializedVersion: 2
  m_Modification:
    m_TransformParent: {fileID: 0}
    m_Modifications:
    - target: {fileID: 4579875215289340, guid: 53c621f1f1ebd3d4ba7734b1d57dc38e, type: 2}
      propertyPath: m_LocalPosition.x
      value: -10.225205
      objectReference: {fileID: 0}
    - target: {fileID: 4579875215289340, guid: 53c621f1f1ebd3d4ba7734b1d57dc38e, type: 2}
      propertyPath: m_LocalPosition.y
      value: 4.7024117
      objectReference: {fileID: 0}
    - target: {fileID: 4579875215289340, guid: 53c621f1f1ebd3d4ba7734b1d57dc38e, type: 2}
      propertyPath: m_LocalPosition.z
      value: 0
      objectReference: {fileID: 0}
    - target: {fileID: 4579875215289340, guid: 53c621f1f1ebd3d4ba7734b1d57dc38e, type: 2}
      propertyPath: m_LocalRotation.x
      value: -0
      objectReference: {fileID: 0}
    - target: {fileID: 4579875215289340, guid: 53c621f1f1ebd3d4ba7734b1d57dc38e, type: 2}
      propertyPath: m_LocalRotation.y
      value: -0
      objectReference: {fileID: 0}
    - target: {fileID: 4579875215289340, guid: 53c621f1f1ebd3d4ba7734b1d57dc38e, type: 2}
      propertyPath: m_LocalRotation.z
      value: -0
      objectReference: {fileID: 0}
    - target: {fileID: 4579875215289340, guid: 53c621f1f1ebd3d4ba7734b1d57dc38e, type: 2}
      propertyPath: m_LocalRotation.w
      value: 1
      objectReference: {fileID: 0}
    - target: {fileID: 4579875215289340, guid: 53c621f1f1ebd3d4ba7734b1d57dc38e, type: 2}
      propertyPath: m_RootOrder
      value: 16
      objectReference: {fileID: 0}
    m_RemovedComponents: []
  m_ParentPrefab: {fileID: 100100000, guid: 53c621f1f1ebd3d4ba7734b1d57dc38e, type: 2}
  m_IsPrefabParent: 0
--- !u!1 &1515901195
GameObject:
  m_ObjectHideFlags: 0
  m_PrefabParentObject: {fileID: 1585539478062290, guid: 1678699e58cd51a43988ba7415bd0c4a,
    type: 2}
  m_PrefabInternal: {fileID: 0}
  serializedVersion: 5
  m_Component:
  - component: {fileID: 1515901196}
  - component: {fileID: 1515901199}
  - component: {fileID: 1515901198}
  - component: {fileID: 1515901197}
  m_Layer: 5
  m_Name: Gulrag Selection Image
  m_TagString: Untagged
  m_Icon: {fileID: 0}
  m_NavMeshLayer: 0
  m_StaticEditorFlags: 0
  m_IsActive: 1
--- !u!224 &1515901196
RectTransform:
  m_ObjectHideFlags: 0
  m_PrefabParentObject: {fileID: 224806827377978156, guid: 1678699e58cd51a43988ba7415bd0c4a,
    type: 2}
  m_PrefabInternal: {fileID: 0}
  m_GameObject: {fileID: 1515901195}
  m_LocalRotation: {x: -0, y: -0, z: -0, w: 1}
  m_LocalPosition: {x: 0, y: 0, z: 0}
  m_LocalScale: {x: 1, y: 1, z: 1}
  m_Children: []
  m_Father: {fileID: 576656532}
  m_RootOrder: 0
  m_LocalEulerAnglesHint: {x: 0, y: 0, z: 0}
  m_AnchorMin: {x: 0.5, y: 0.5}
  m_AnchorMax: {x: 0.5, y: 0.5}
  m_AnchoredPosition: {x: -2.8299866, y: 205.285}
  m_SizeDelta: {x: 67.26, y: 53.14}
  m_Pivot: {x: 0.5, y: 0.5}
--- !u!114 &1515901197
MonoBehaviour:
  m_ObjectHideFlags: 0
  m_PrefabParentObject: {fileID: 114976761840270782, guid: 1678699e58cd51a43988ba7415bd0c4a,
    type: 2}
  m_PrefabInternal: {fileID: 0}
  m_GameObject: {fileID: 1515901195}
  m_Enabled: 1
  m_EditorHideFlags: 0
  m_Script: {fileID: 1392445389, guid: f70555f144d8491a825f0804e09c671c, type: 3}
  m_Name: 
  m_EditorClassIdentifier: 
  m_Navigation:
    m_Mode: 3
    m_SelectOnUp: {fileID: 0}
    m_SelectOnDown: {fileID: 0}
    m_SelectOnLeft: {fileID: 0}
    m_SelectOnRight: {fileID: 0}
  m_Transition: 1
  m_Colors:
    m_NormalColor: {r: 1, g: 1, b: 1, a: 1}
    m_HighlightedColor: {r: 0.9607843, g: 0.9607843, b: 0.9607843, a: 1}
    m_PressedColor: {r: 1, g: 1, b: 1, a: 1}
    m_DisabledColor: {r: 0.78431374, g: 0.78431374, b: 0.78431374, a: 0.5019608}
    m_ColorMultiplier: 1
    m_FadeDuration: 0.1
  m_SpriteState:
    m_HighlightedSprite: {fileID: 0}
    m_PressedSprite: {fileID: 0}
    m_DisabledSprite: {fileID: 0}
  m_AnimationTriggers:
    m_NormalTrigger: Normal
    m_HighlightedTrigger: Highlighted
    m_PressedTrigger: Pressed
    m_DisabledTrigger: Disabled
  m_Interactable: 1
  m_TargetGraphic: {fileID: 1515901198}
  m_OnClick:
    m_PersistentCalls:
      m_Calls:
      - m_Target: {fileID: 2146917647}
        m_MethodName: ReadyButtonForInstantiatingAttackers
        m_Mode: 1
        m_Arguments:
          m_ObjectArgument: {fileID: 0}
          m_ObjectArgumentAssemblyTypeName: UnityEngine.Object, UnityEngine
          m_IntArgument: 0
          m_FloatArgument: 0
          m_StringArgument: 
          m_BoolArgument: 0
        m_CallState: 2
    m_TypeName: UnityEngine.UI.Button+ButtonClickedEvent, UnityEngine.UI, Version=1.0.0.0,
      Culture=neutral, PublicKeyToken=null
--- !u!114 &1515901198
MonoBehaviour:
  m_ObjectHideFlags: 0
  m_PrefabParentObject: {fileID: 114967278412921970, guid: 1678699e58cd51a43988ba7415bd0c4a,
    type: 2}
  m_PrefabInternal: {fileID: 0}
  m_GameObject: {fileID: 1515901195}
  m_Enabled: 1
  m_EditorHideFlags: 0
  m_Script: {fileID: -765806418, guid: f70555f144d8491a825f0804e09c671c, type: 3}
  m_Name: 
  m_EditorClassIdentifier: 
  m_Material: {fileID: 0}
  m_Color: {r: 1, g: 1, b: 1, a: 1}
  m_RaycastTarget: 1
  m_OnCullStateChanged:
    m_PersistentCalls:
      m_Calls: []
    m_TypeName: UnityEngine.UI.MaskableGraphic+CullStateChangedEvent, UnityEngine.UI,
      Version=1.0.0.0, Culture=neutral, PublicKeyToken=null
  m_Sprite: {fileID: 21300000, guid: 1a04ae5f8e341df4584435cccb8de740, type: 3}
  m_Type: 0
  m_PreserveAspect: 0
  m_FillCenter: 1
  m_FillMethod: 4
  m_FillAmount: 1
  m_FillClockwise: 1
  m_FillOrigin: 0
--- !u!222 &1515901199
CanvasRenderer:
  m_ObjectHideFlags: 0
  m_PrefabParentObject: {fileID: 222844943485369324, guid: 1678699e58cd51a43988ba7415bd0c4a,
    type: 2}
  m_PrefabInternal: {fileID: 0}
  m_GameObject: {fileID: 1515901195}
--- !u!1 &1577356006
GameObject:
  m_ObjectHideFlags: 0
  m_PrefabParentObject: {fileID: 0}
  m_PrefabInternal: {fileID: 0}
  serializedVersion: 5
  m_Component:
  - component: {fileID: 1577356009}
  - component: {fileID: 1577356008}
  - component: {fileID: 1577356007}
  m_Layer: 0
  m_Name: EventSystem
  m_TagString: Untagged
  m_Icon: {fileID: 0}
  m_NavMeshLayer: 0
  m_StaticEditorFlags: 0
  m_IsActive: 1
--- !u!114 &1577356007
MonoBehaviour:
  m_ObjectHideFlags: 0
  m_PrefabParentObject: {fileID: 0}
  m_PrefabInternal: {fileID: 0}
  m_GameObject: {fileID: 1577356006}
  m_Enabled: 1
  m_EditorHideFlags: 0
  m_Script: {fileID: 1077351063, guid: f70555f144d8491a825f0804e09c671c, type: 3}
  m_Name: 
  m_EditorClassIdentifier: 
  m_HorizontalAxis: Horizontal
  m_VerticalAxis: Vertical
  m_SubmitButton: Submit
  m_CancelButton: Cancel
  m_InputActionsPerSecond: 10
  m_RepeatDelay: 0.5
  m_ForceModuleActive: 0
--- !u!114 &1577356008
MonoBehaviour:
  m_ObjectHideFlags: 0
  m_PrefabParentObject: {fileID: 0}
  m_PrefabInternal: {fileID: 0}
  m_GameObject: {fileID: 1577356006}
  m_Enabled: 1
  m_EditorHideFlags: 0
  m_Script: {fileID: -619905303, guid: f70555f144d8491a825f0804e09c671c, type: 3}
  m_Name: 
  m_EditorClassIdentifier: 
  m_FirstSelected: {fileID: 0}
  m_sendNavigationEvents: 1
  m_DragThreshold: 10
--- !u!4 &1577356009
Transform:
  m_ObjectHideFlags: 0
  m_PrefabParentObject: {fileID: 0}
  m_PrefabInternal: {fileID: 0}
  m_GameObject: {fileID: 1577356006}
  m_LocalRotation: {x: 0, y: 0, z: 0, w: 1}
  m_LocalPosition: {x: 0, y: 0, z: 0}
  m_LocalScale: {x: 1, y: 1, z: 1}
  m_Children: []
  m_Father: {fileID: 0}
  m_RootOrder: 7
  m_LocalEulerAnglesHint: {x: 0, y: 0, z: 0}
--- !u!1 &1631112120
GameObject:
  m_ObjectHideFlags: 0
  m_PrefabParentObject: {fileID: 0}
  m_PrefabInternal: {fileID: 0}
  serializedVersion: 5
  m_Component:
  - component: {fileID: 1631112124}
  - component: {fileID: 1631112123}
  - component: {fileID: 1631112122}
  - component: {fileID: 1631112121}
  m_Layer: 0
  m_Name: Main Camera
  m_TagString: MainCamera
  m_Icon: {fileID: 0}
  m_NavMeshLayer: 0
  m_StaticEditorFlags: 0
  m_IsActive: 1
--- !u!81 &1631112121
AudioListener:
  m_ObjectHideFlags: 0
  m_PrefabParentObject: {fileID: 0}
  m_PrefabInternal: {fileID: 0}
  m_GameObject: {fileID: 1631112120}
  m_Enabled: 1
--- !u!124 &1631112122
Behaviour:
  m_ObjectHideFlags: 0
  m_PrefabParentObject: {fileID: 0}
  m_PrefabInternal: {fileID: 0}
  m_GameObject: {fileID: 1631112120}
  m_Enabled: 1
--- !u!20 &1631112123
Camera:
  m_ObjectHideFlags: 0
  m_PrefabParentObject: {fileID: 0}
  m_PrefabInternal: {fileID: 0}
  m_GameObject: {fileID: 1631112120}
  m_Enabled: 1
  serializedVersion: 2
  m_ClearFlags: 1
  m_BackGroundColor: {r: 0.19215687, g: 0.3019608, b: 0.4745098, a: 0}
  m_NormalizedViewPortRect:
    serializedVersion: 2
    x: 0
    y: 0
    width: 0.975
    height: 1
  near clip plane: 0.3
  far clip plane: 1000
  field of view: 90.2
  orthographic: 1
  orthographic size: 11
  m_Depth: -1
  m_CullingMask:
    serializedVersion: 2
    m_Bits: 4294967295
  m_RenderingPath: -1
  m_TargetTexture: {fileID: 0}
  m_TargetDisplay: 0
  m_TargetEye: 3
  m_HDR: 1
  m_AllowMSAA: 1
  m_AllowDynamicResolution: 0
  m_ForceIntoRT: 0
  m_OcclusionCulling: 1
  m_StereoConvergence: 10
  m_StereoSeparation: 0.022
--- !u!4 &1631112124
Transform:
  m_ObjectHideFlags: 0
  m_PrefabParentObject: {fileID: 0}
  m_PrefabInternal: {fileID: 0}
  m_GameObject: {fileID: 1631112120}
  m_LocalRotation: {x: 0, y: 0, z: 0, w: 1}
  m_LocalPosition: {x: 0.069999695, y: 0.030000001, z: -10}
  m_LocalScale: {x: 1, y: 1, z: 1}
  m_Children: []
  m_Father: {fileID: 0}
  m_RootOrder: 0
  m_LocalEulerAnglesHint: {x: 0, y: 0, z: 0}
--- !u!1 &1713778559
GameObject:
  m_ObjectHideFlags: 0
  m_PrefabParentObject: {fileID: 0}
  m_PrefabInternal: {fileID: 0}
  serializedVersion: 5
  m_Component:
  - component: {fileID: 1713778560}
  - component: {fileID: 1713778562}
  - component: {fileID: 1713778561}
  m_Layer: 5
  m_Name: Text
  m_TagString: Untagged
  m_Icon: {fileID: 0}
  m_NavMeshLayer: 0
  m_StaticEditorFlags: 0
  m_IsActive: 1
--- !u!224 &1713778560
RectTransform:
  m_ObjectHideFlags: 0
  m_PrefabParentObject: {fileID: 0}
  m_PrefabInternal: {fileID: 0}
  m_GameObject: {fileID: 1713778559}
  m_LocalRotation: {x: 0, y: 0, z: 0, w: 1}
  m_LocalPosition: {x: 0, y: 0, z: 0}
  m_LocalScale: {x: 1, y: 1, z: 1}
  m_Children: []
  m_Father: {fileID: 2057547461}
  m_RootOrder: 0
  m_LocalEulerAnglesHint: {x: 0, y: 0, z: 0}
  m_AnchorMin: {x: 0, y: 0}
  m_AnchorMax: {x: 1, y: 1}
  m_AnchoredPosition: {x: -1, y: -4.4}
  m_SizeDelta: {x: -2, y: -0.0000076294}
  m_Pivot: {x: 0.5, y: 0.5}
--- !u!114 &1713778561
MonoBehaviour:
  m_ObjectHideFlags: 0
  m_PrefabParentObject: {fileID: 0}
  m_PrefabInternal: {fileID: 0}
  m_GameObject: {fileID: 1713778559}
  m_Enabled: 1
  m_EditorHideFlags: 0
  m_Script: {fileID: 708705254, guid: f70555f144d8491a825f0804e09c671c, type: 3}
  m_Name: 
  m_EditorClassIdentifier: 
  m_Material: {fileID: 0}
  m_Color: {r: 0.6320754, g: 0, b: 0, a: 1}
  m_RaycastTarget: 1
  m_OnCullStateChanged:
    m_PersistentCalls:
      m_Calls: []
    m_TypeName: UnityEngine.UI.MaskableGraphic+CullStateChangedEvent, UnityEngine.UI,
      Version=1.0.0.0, Culture=neutral, PublicKeyToken=null
  m_FontData:
    m_Font: {fileID: 12800000, guid: 372876620bfbf0b48ae8c9c77e837a26, type: 3}
    m_FontSize: 26
    m_FontStyle: 0
    m_BestFit: 0
    m_MinSize: 3
    m_MaxSize: 53
    m_Alignment: 4
    m_AlignByGeometry: 0
    m_RichText: 1
    m_HorizontalOverflow: 0
    m_VerticalOverflow: 0
    m_LineSpacing: 1
  m_Text: '>'
--- !u!222 &1713778562
CanvasRenderer:
  m_ObjectHideFlags: 0
  m_PrefabParentObject: {fileID: 0}
  m_PrefabInternal: {fileID: 0}
  m_GameObject: {fileID: 1713778559}
--- !u!1001 &1786625079
Prefab:
  m_ObjectHideFlags: 0
  serializedVersion: 2
  m_Modification:
    m_TransformParent: {fileID: 0}
    m_Modifications:
    - target: {fileID: 4863735723293750, guid: 4dd7bdc01ff016142bbe0f59df0604e3, type: 2}
      propertyPath: m_LocalPosition.x
      value: 4.0699997
      objectReference: {fileID: 0}
    - target: {fileID: 4863735723293750, guid: 4dd7bdc01ff016142bbe0f59df0604e3, type: 2}
      propertyPath: m_LocalPosition.y
      value: -5.22
      objectReference: {fileID: 0}
    - target: {fileID: 4863735723293750, guid: 4dd7bdc01ff016142bbe0f59df0604e3, type: 2}
      propertyPath: m_LocalPosition.z
      value: 0
      objectReference: {fileID: 0}
    - target: {fileID: 4863735723293750, guid: 4dd7bdc01ff016142bbe0f59df0604e3, type: 2}
      propertyPath: m_LocalRotation.x
      value: 0
      objectReference: {fileID: 0}
    - target: {fileID: 4863735723293750, guid: 4dd7bdc01ff016142bbe0f59df0604e3, type: 2}
      propertyPath: m_LocalRotation.y
      value: 0
      objectReference: {fileID: 0}
    - target: {fileID: 4863735723293750, guid: 4dd7bdc01ff016142bbe0f59df0604e3, type: 2}
      propertyPath: m_LocalRotation.z
      value: 0
      objectReference: {fileID: 0}
    - target: {fileID: 4863735723293750, guid: 4dd7bdc01ff016142bbe0f59df0604e3, type: 2}
      propertyPath: m_LocalRotation.w
      value: 1
      objectReference: {fileID: 0}
    - target: {fileID: 4863735723293750, guid: 4dd7bdc01ff016142bbe0f59df0604e3, type: 2}
      propertyPath: m_RootOrder
      value: 8
      objectReference: {fileID: 0}
    - target: {fileID: 1797265145599790, guid: 4dd7bdc01ff016142bbe0f59df0604e3, type: 2}
      propertyPath: m_Name
      value: Elf Archer
      objectReference: {fileID: 0}
    - target: {fileID: 58056322346478792, guid: 4dd7bdc01ff016142bbe0f59df0604e3,
        type: 2}
      propertyPath: m_Enabled
      value: 1
      objectReference: {fileID: 0}
    - target: {fileID: 1797265145599790, guid: 4dd7bdc01ff016142bbe0f59df0604e3, type: 2}
      propertyPath: m_IsActive
      value: 0
      objectReference: {fileID: 0}
    m_RemovedComponents: []
  m_ParentPrefab: {fileID: 100100000, guid: 4dd7bdc01ff016142bbe0f59df0604e3, type: 2}
  m_IsPrefabParent: 0
--- !u!1 &1855459930
GameObject:
  m_ObjectHideFlags: 0
  m_PrefabParentObject: {fileID: 0}
  m_PrefabInternal: {fileID: 0}
  serializedVersion: 5
  m_Component:
  - component: {fileID: 1855459933}
  - component: {fileID: 1855459932}
  - component: {fileID: 1855459931}
  m_Layer: 5
  m_Name: Win Condition Text
  m_TagString: Untagged
  m_Icon: {fileID: 0}
  m_NavMeshLayer: 0
  m_StaticEditorFlags: 0
  m_IsActive: 1
--- !u!114 &1855459931
MonoBehaviour:
  m_ObjectHideFlags: 0
  m_PrefabParentObject: {fileID: 0}
  m_PrefabInternal: {fileID: 0}
  m_GameObject: {fileID: 1855459930}
  m_Enabled: 1
  m_EditorHideFlags: 0
  m_Script: {fileID: 708705254, guid: f70555f144d8491a825f0804e09c671c, type: 3}
  m_Name: 
  m_EditorClassIdentifier: 
  m_Material: {fileID: 0}
  m_Color: {r: 0.8670398, g: 0.9056604, b: 0.08116765, a: 1}
  m_RaycastTarget: 1
  m_OnCullStateChanged:
    m_PersistentCalls:
      m_Calls: []
    m_TypeName: UnityEngine.UI.MaskableGraphic+CullStateChangedEvent, UnityEngine.UI,
      Version=1.0.0.0, Culture=neutral, PublicKeyToken=null
  m_FontData:
    m_Font: {fileID: 12800000, guid: 372876620bfbf0b48ae8c9c77e837a26, type: 3}
    m_FontSize: 80
    m_FontStyle: 0
    m_BestFit: 0
    m_MinSize: 10
    m_MaxSize: 80
    m_Alignment: 4
    m_AlignByGeometry: 0
    m_RichText: 1
    m_HorizontalOverflow: 0
    m_VerticalOverflow: 0
    m_LineSpacing: 1
  m_Text: VICTORY!
--- !u!222 &1855459932
CanvasRenderer:
  m_ObjectHideFlags: 0
  m_PrefabParentObject: {fileID: 0}
  m_PrefabInternal: {fileID: 0}
  m_GameObject: {fileID: 1855459930}
--- !u!224 &1855459933
RectTransform:
  m_ObjectHideFlags: 0
  m_PrefabParentObject: {fileID: 0}
  m_PrefabInternal: {fileID: 0}
  m_GameObject: {fileID: 1855459930}
  m_LocalRotation: {x: -0, y: -0, z: -0, w: 1}
  m_LocalPosition: {x: 0, y: 0, z: 0}
  m_LocalScale: {x: 1, y: 1, z: 1}
  m_Children: []
  m_Father: {fileID: 1370286530}
  m_RootOrder: 1
  m_LocalEulerAnglesHint: {x: 0, y: 0, z: 0}
  m_AnchorMin: {x: 0.5, y: 0.5}
  m_AnchorMax: {x: 0.5, y: 0.5}
  m_AnchoredPosition: {x: -0.0000076294, y: -0.000015259}
  m_SizeDelta: {x: 534.5, y: 271.5}
  m_Pivot: {x: 0.5, y: 0.5}
--- !u!1001 &1886255256
Prefab:
  m_ObjectHideFlags: 0
  serializedVersion: 2
  m_Modification:
    m_TransformParent: {fileID: 0}
    m_Modifications:
    - target: {fileID: 4898294887413376, guid: 76bc3f7bdecc7654583df6477281883c, type: 2}
      propertyPath: m_LocalPosition.x
      value: 0
      objectReference: {fileID: 0}
    - target: {fileID: 4898294887413376, guid: 76bc3f7bdecc7654583df6477281883c, type: 2}
      propertyPath: m_LocalPosition.y
      value: 0
      objectReference: {fileID: 0}
    - target: {fileID: 4898294887413376, guid: 76bc3f7bdecc7654583df6477281883c, type: 2}
      propertyPath: m_LocalPosition.z
      value: 0
      objectReference: {fileID: 0}
    - target: {fileID: 4898294887413376, guid: 76bc3f7bdecc7654583df6477281883c, type: 2}
      propertyPath: m_LocalRotation.x
      value: 0
      objectReference: {fileID: 0}
    - target: {fileID: 4898294887413376, guid: 76bc3f7bdecc7654583df6477281883c, type: 2}
      propertyPath: m_LocalRotation.y
      value: 0
      objectReference: {fileID: 0}
    - target: {fileID: 4898294887413376, guid: 76bc3f7bdecc7654583df6477281883c, type: 2}
      propertyPath: m_LocalRotation.z
      value: 0
      objectReference: {fileID: 0}
    - target: {fileID: 4898294887413376, guid: 76bc3f7bdecc7654583df6477281883c, type: 2}
      propertyPath: m_LocalRotation.w
      value: 1
      objectReference: {fileID: 0}
    - target: {fileID: 4898294887413376, guid: 76bc3f7bdecc7654583df6477281883c, type: 2}
      propertyPath: m_RootOrder
      value: 4
      objectReference: {fileID: 0}
    - target: {fileID: 114256243410292510, guid: 76bc3f7bdecc7654583df6477281883c,
        type: 2}
      propertyPath: countText
      value: 
      objectReference: {fileID: 522066909}
    - target: {fileID: 114256243410292510, guid: 76bc3f7bdecc7654583df6477281883c,
        type: 2}
      propertyPath: winText
      value: 
      objectReference: {fileID: 1855459931}
    - target: {fileID: 114256243410292510, guid: 76bc3f7bdecc7654583df6477281883c,
        type: 2}
      propertyPath: resumeButton
      value: 
      objectReference: {fileID: 2057547460}
    - target: {fileID: 114256243410292510, guid: 76bc3f7bdecc7654583df6477281883c,
        type: 2}
      propertyPath: pauseButton
      value: 
      objectReference: {fileID: 295725701}
    - target: {fileID: 114256243410292510, guid: 76bc3f7bdecc7654583df6477281883c,
        type: 2}
      propertyPath: gulragIcon
      value: 
      objectReference: {fileID: 1515901195}
    - target: {fileID: 114256243410292510, guid: 76bc3f7bdecc7654583df6477281883c,
        type: 2}
      propertyPath: prototypeGulrag
      value: 
      objectReference: {fileID: 1814526892777688, guid: a117b4c03a4e16746b622f2210ad8618,
        type: 2}
    - target: {fileID: 114256243410292510, guid: 76bc3f7bdecc7654583df6477281883c,
        type: 2}
      propertyPath: canvas
      value: 
      objectReference: {fileID: 1370286529}
    - target: {fileID: 114256243410292510, guid: 76bc3f7bdecc7654583df6477281883c,
        type: 2}
      propertyPath: mainCamera
      value: 
      objectReference: {fileID: 1631112123}
    m_RemovedComponents: []
  m_ParentPrefab: {fileID: 100100000, guid: 76bc3f7bdecc7654583df6477281883c, type: 2}
  m_IsPrefabParent: 0
--- !u!1001 &1899094638
Prefab:
  m_ObjectHideFlags: 0
  serializedVersion: 2
  m_Modification:
    m_TransformParent: {fileID: 0}
    m_Modifications:
    - target: {fileID: 4199822321229252, guid: 42314ad10b50a8d4cbf3feeadd3aee6d, type: 2}
      propertyPath: m_LocalPosition.x
      value: -2
      objectReference: {fileID: 0}
    - target: {fileID: 4199822321229252, guid: 42314ad10b50a8d4cbf3feeadd3aee6d, type: 2}
      propertyPath: m_LocalPosition.y
      value: -0.77
      objectReference: {fileID: 0}
    - target: {fileID: 4199822321229252, guid: 42314ad10b50a8d4cbf3feeadd3aee6d, type: 2}
      propertyPath: m_LocalPosition.z
      value: 0
      objectReference: {fileID: 0}
    - target: {fileID: 4199822321229252, guid: 42314ad10b50a8d4cbf3feeadd3aee6d, type: 2}
      propertyPath: m_LocalRotation.x
      value: 0
      objectReference: {fileID: 0}
    - target: {fileID: 4199822321229252, guid: 42314ad10b50a8d4cbf3feeadd3aee6d, type: 2}
      propertyPath: m_LocalRotation.y
      value: 0
      objectReference: {fileID: 0}
    - target: {fileID: 4199822321229252, guid: 42314ad10b50a8d4cbf3feeadd3aee6d, type: 2}
      propertyPath: m_LocalRotation.z
      value: 0
      objectReference: {fileID: 0}
    - target: {fileID: 4199822321229252, guid: 42314ad10b50a8d4cbf3feeadd3aee6d, type: 2}
      propertyPath: m_LocalRotation.w
      value: 1
      objectReference: {fileID: 0}
    - target: {fileID: 4199822321229252, guid: 42314ad10b50a8d4cbf3feeadd3aee6d, type: 2}
      propertyPath: m_RootOrder
      value: 14
      objectReference: {fileID: 0}
    - target: {fileID: 114734985673164424, guid: 42314ad10b50a8d4cbf3feeadd3aee6d,
        type: 2}
      propertyPath: gameManager
      value: 
      objectReference: {fileID: 2146917647}
    - target: {fileID: 1598233403440958, guid: 42314ad10b50a8d4cbf3feeadd3aee6d, type: 2}
      propertyPath: m_Name
      value: Elf Warrior (1)
      objectReference: {fileID: 0}
    - target: {fileID: 58479085867126466, guid: 42314ad10b50a8d4cbf3feeadd3aee6d,
        type: 2}
      propertyPath: m_IsTrigger
      value: 1
      objectReference: {fileID: 0}
    - target: {fileID: 1598233403440958, guid: 42314ad10b50a8d4cbf3feeadd3aee6d, type: 2}
      propertyPath: m_IsActive
      value: 0
      objectReference: {fileID: 0}
    m_RemovedComponents: []
  m_ParentPrefab: {fileID: 100100000, guid: 42314ad10b50a8d4cbf3feeadd3aee6d, type: 2}
  m_IsPrefabParent: 0
--- !u!1001 &1948702749
Prefab:
  m_ObjectHideFlags: 0
  serializedVersion: 2
  m_Modification:
    m_TransformParent: {fileID: 0}
    m_Modifications:
    - target: {fileID: 4579875215289340, guid: ad3c05e1ffb0e314ea8a3cf2bc97f2e9, type: 2}
      propertyPath: m_LocalPosition.x
      value: -10.225205
      objectReference: {fileID: 0}
    - target: {fileID: 4579875215289340, guid: ad3c05e1ffb0e314ea8a3cf2bc97f2e9, type: 2}
      propertyPath: m_LocalPosition.y
      value: 4.7024117
      objectReference: {fileID: 0}
    - target: {fileID: 4579875215289340, guid: ad3c05e1ffb0e314ea8a3cf2bc97f2e9, type: 2}
      propertyPath: m_LocalPosition.z
      value: 0
      objectReference: {fileID: 0}
    - target: {fileID: 4579875215289340, guid: ad3c05e1ffb0e314ea8a3cf2bc97f2e9, type: 2}
      propertyPath: m_LocalRotation.x
      value: -0
      objectReference: {fileID: 0}
    - target: {fileID: 4579875215289340, guid: ad3c05e1ffb0e314ea8a3cf2bc97f2e9, type: 2}
      propertyPath: m_LocalRotation.y
      value: -0
      objectReference: {fileID: 0}
    - target: {fileID: 4579875215289340, guid: ad3c05e1ffb0e314ea8a3cf2bc97f2e9, type: 2}
      propertyPath: m_LocalRotation.z
      value: -0
      objectReference: {fileID: 0}
    - target: {fileID: 4579875215289340, guid: ad3c05e1ffb0e314ea8a3cf2bc97f2e9, type: 2}
      propertyPath: m_LocalRotation.w
      value: 1
      objectReference: {fileID: 0}
    - target: {fileID: 4579875215289340, guid: ad3c05e1ffb0e314ea8a3cf2bc97f2e9, type: 2}
      propertyPath: m_RootOrder
      value: 2
      objectReference: {fileID: 0}
    - target: {fileID: 58647000912955848, guid: ad3c05e1ffb0e314ea8a3cf2bc97f2e9,
        type: 2}
      propertyPath: m_Radius
      value: 2.5
      objectReference: {fileID: 0}
    - target: {fileID: 1826370287060378, guid: ad3c05e1ffb0e314ea8a3cf2bc97f2e9, type: 2}
      propertyPath: m_IsActive
      value: 0
      objectReference: {fileID: 0}
    m_RemovedComponents: []
  m_ParentPrefab: {fileID: 100100000, guid: ad3c05e1ffb0e314ea8a3cf2bc97f2e9, type: 2}
  m_IsPrefabParent: 0
--- !u!1839735485 &2048874820 stripped
Tilemap:
  m_PrefabParentObject: {fileID: 8195094280513718470, guid: 948ba75e166a03e4c8bd657471ef7843,
    type: 2}
  m_PrefabInternal: {fileID: 344506486}
--- !u!1 &2057547460
GameObject:
  m_ObjectHideFlags: 0
  m_PrefabParentObject: {fileID: 0}
  m_PrefabInternal: {fileID: 0}
  serializedVersion: 5
  m_Component:
  - component: {fileID: 2057547461}
  - component: {fileID: 2057547464}
  - component: {fileID: 2057547463}
  - component: {fileID: 2057547462}
  m_Layer: 5
  m_Name: Resume Button
  m_TagString: Untagged
  m_Icon: {fileID: 0}
  m_NavMeshLayer: 0
  m_StaticEditorFlags: 0
  m_IsActive: 0
--- !u!224 &2057547461
RectTransform:
  m_ObjectHideFlags: 0
  m_PrefabParentObject: {fileID: 0}
  m_PrefabInternal: {fileID: 0}
  m_GameObject: {fileID: 2057547460}
  m_LocalRotation: {x: -0, y: -0, z: -0, w: 1}
  m_LocalPosition: {x: 0, y: 0, z: 0}
  m_LocalScale: {x: 1.86935, y: 1.34728, z: 1.34728}
  m_Children:
  - {fileID: 1713778560}
  m_Father: {fileID: 1370286530}
  m_RootOrder: 3
  m_LocalEulerAnglesHint: {x: 0, y: 0, z: 0}
  m_AnchorMin: {x: 0.5, y: 0.5}
  m_AnchorMax: {x: 0.5, y: 0.5}
  m_AnchoredPosition: {x: 439, y: -236}
  m_SizeDelta: {x: 28.5, y: 38}
  m_Pivot: {x: 0.5, y: 0.5}
--- !u!114 &2057547462
MonoBehaviour:
  m_ObjectHideFlags: 0
  m_PrefabParentObject: {fileID: 0}
  m_PrefabInternal: {fileID: 0}
  m_GameObject: {fileID: 2057547460}
  m_Enabled: 1
  m_EditorHideFlags: 0
  m_Script: {fileID: 1392445389, guid: f70555f144d8491a825f0804e09c671c, type: 3}
  m_Name: 
  m_EditorClassIdentifier: 
  m_Navigation:
    m_Mode: 3
    m_SelectOnUp: {fileID: 0}
    m_SelectOnDown: {fileID: 0}
    m_SelectOnLeft: {fileID: 0}
    m_SelectOnRight: {fileID: 0}
  m_Transition: 1
  m_Colors:
    m_NormalColor: {r: 1, g: 1, b: 1, a: 1}
    m_HighlightedColor: {r: 0.9607843, g: 0.9607843, b: 0.9607843, a: 1}
    m_PressedColor: {r: 0.78431374, g: 0.78431374, b: 0.78431374, a: 1}
    m_DisabledColor: {r: 0.78431374, g: 0.78431374, b: 0.78431374, a: 0.5019608}
    m_ColorMultiplier: 1
    m_FadeDuration: 0.1
  m_SpriteState:
    m_HighlightedSprite: {fileID: 0}
    m_PressedSprite: {fileID: 0}
    m_DisabledSprite: {fileID: 0}
  m_AnimationTriggers:
    m_NormalTrigger: Normal
    m_HighlightedTrigger: Highlighted
    m_PressedTrigger: Pressed
    m_DisabledTrigger: Disabled
  m_Interactable: 1
  m_TargetGraphic: {fileID: 2057547463}
  m_OnClick:
    m_PersistentCalls:
      m_Calls:
      - m_Target: {fileID: 2146917647}
        m_MethodName: ResumeGame
        m_Mode: 1
        m_Arguments:
          m_ObjectArgument: {fileID: 0}
          m_ObjectArgumentAssemblyTypeName: UnityEngine.Object, UnityEngine
          m_IntArgument: 0
          m_FloatArgument: 0
          m_StringArgument: 
          m_BoolArgument: 0
        m_CallState: 2
    m_TypeName: UnityEngine.UI.Button+ButtonClickedEvent, UnityEngine.UI, Version=1.0.0.0,
      Culture=neutral, PublicKeyToken=null
--- !u!114 &2057547463
MonoBehaviour:
  m_ObjectHideFlags: 0
  m_PrefabParentObject: {fileID: 0}
  m_PrefabInternal: {fileID: 0}
  m_GameObject: {fileID: 2057547460}
  m_Enabled: 1
  m_EditorHideFlags: 0
  m_Script: {fileID: -765806418, guid: f70555f144d8491a825f0804e09c671c, type: 3}
  m_Name: 
  m_EditorClassIdentifier: 
  m_Material: {fileID: 0}
  m_Color: {r: 0.754717, g: 0.47564623, b: 0.23139909, a: 1}
  m_RaycastTarget: 1
  m_OnCullStateChanged:
    m_PersistentCalls:
      m_Calls: []
    m_TypeName: UnityEngine.UI.MaskableGraphic+CullStateChangedEvent, UnityEngine.UI,
      Version=1.0.0.0, Culture=neutral, PublicKeyToken=null
  m_Sprite: {fileID: 10905, guid: 0000000000000000f000000000000000, type: 0}
  m_Type: 1
  m_PreserveAspect: 0
  m_FillCenter: 1
  m_FillMethod: 4
  m_FillAmount: 1
  m_FillClockwise: 1
  m_FillOrigin: 0
--- !u!222 &2057547464
CanvasRenderer:
  m_ObjectHideFlags: 0
  m_PrefabParentObject: {fileID: 0}
  m_PrefabInternal: {fileID: 0}
  m_GameObject: {fileID: 2057547460}
--- !u!1001 &2098950828
Prefab:
  m_ObjectHideFlags: 0
  serializedVersion: 2
  m_Modification:
    m_TransformParent: {fileID: 0}
    m_Modifications:
    - target: {fileID: 4863735723293750, guid: 4dd7bdc01ff016142bbe0f59df0604e3, type: 2}
      propertyPath: m_LocalPosition.x
      value: -1.9300003
      objectReference: {fileID: 0}
    - target: {fileID: 4863735723293750, guid: 4dd7bdc01ff016142bbe0f59df0604e3, type: 2}
      propertyPath: m_LocalPosition.y
      value: -4.22
      objectReference: {fileID: 0}
    - target: {fileID: 4863735723293750, guid: 4dd7bdc01ff016142bbe0f59df0604e3, type: 2}
      propertyPath: m_LocalPosition.z
      value: 0
      objectReference: {fileID: 0}
    - target: {fileID: 4863735723293750, guid: 4dd7bdc01ff016142bbe0f59df0604e3, type: 2}
      propertyPath: m_LocalRotation.x
      value: 0
      objectReference: {fileID: 0}
    - target: {fileID: 4863735723293750, guid: 4dd7bdc01ff016142bbe0f59df0604e3, type: 2}
      propertyPath: m_LocalRotation.y
      value: 0
      objectReference: {fileID: 0}
    - target: {fileID: 4863735723293750, guid: 4dd7bdc01ff016142bbe0f59df0604e3, type: 2}
      propertyPath: m_LocalRotation.z
      value: 0
      objectReference: {fileID: 0}
    - target: {fileID: 4863735723293750, guid: 4dd7bdc01ff016142bbe0f59df0604e3, type: 2}
      propertyPath: m_LocalRotation.w
      value: 1
      objectReference: {fileID: 0}
    - target: {fileID: 4863735723293750, guid: 4dd7bdc01ff016142bbe0f59df0604e3, type: 2}
      propertyPath: m_RootOrder
      value: 9
      objectReference: {fileID: 0}
    - target: {fileID: 1797265145599790, guid: 4dd7bdc01ff016142bbe0f59df0604e3, type: 2}
      propertyPath: m_Name
      value: Elf Archer (1)
      objectReference: {fileID: 0}
    - target: {fileID: 58056322346478792, guid: 4dd7bdc01ff016142bbe0f59df0604e3,
        type: 2}
      propertyPath: m_Enabled
      value: 1
      objectReference: {fileID: 0}
    - target: {fileID: 1797265145599790, guid: 4dd7bdc01ff016142bbe0f59df0604e3, type: 2}
      propertyPath: m_IsActive
      value: 0
      objectReference: {fileID: 0}
    m_RemovedComponents: []
  m_ParentPrefab: {fileID: 100100000, guid: 4dd7bdc01ff016142bbe0f59df0604e3, type: 2}
  m_IsPrefabParent: 0
--- !u!114 &2146917647 stripped
MonoBehaviour:
  m_PrefabParentObject: {fileID: 114256243410292510, guid: 76bc3f7bdecc7654583df6477281883c,
    type: 2}
  m_PrefabInternal: {fileID: 1886255256}
  m_Script: {fileID: 11500000, guid: f5b84eac133bf9f49993a9188120006b, type: 3}
