%YAML 1.1
%TAG !u! tag:unity3d.com,2011:
--- !u!29 &1
OcclusionCullingSettings:
  m_ObjectHideFlags: 0
  serializedVersion: 2
  m_OcclusionBakeSettings:
    smallestOccluder: 5
    smallestHole: 0.25
    backfaceThreshold: 100
  m_SceneGUID: 00000000000000000000000000000000
  m_OcclusionCullingData: {fileID: 0}
--- !u!104 &2
RenderSettings:
  m_ObjectHideFlags: 0
  serializedVersion: 9
  m_Fog: 0
  m_FogColor: {r: 0.5, g: 0.5, b: 0.5, a: 1}
  m_FogMode: 3
  m_FogDensity: 0.01
  m_LinearFogStart: 0
  m_LinearFogEnd: 300
  m_AmbientSkyColor: {r: 0.1, g: 0.1, b: 0.1, a: 1}
  m_AmbientEquatorColor: {r: 0.114, g: 0.125, b: 0.133, a: 1}
  m_AmbientGroundColor: {r: 0.047, g: 0.043, b: 0.035, a: 1}
  m_AmbientIntensity: 1
  m_AmbientMode: 4
  m_SubtractiveShadowColor: {r: 0.42, g: 0.478, b: 0.627, a: 1}
  m_SkyboxMaterial: {fileID: 0}
  m_HaloStrength: 0.5
  m_FlareStrength: 1
  m_FlareFadeSpeed: 3
  m_HaloTexture: {fileID: 0}
  m_SpotCookie: {fileID: 10001, guid: 0000000000000000e000000000000000, type: 0}
  m_DefaultReflectionMode: 0
  m_DefaultReflectionResolution: 128
  m_ReflectionBounces: 1
  m_ReflectionIntensity: 1
  m_CustomReflection: {fileID: 0}
  m_Sun: {fileID: 0}
  m_IndirectSpecularColor: {r: 0, g: 0, b: 0, a: 1}
  m_UseRadianceAmbientProbe: 0
--- !u!157 &3
LightmapSettings:
  m_ObjectHideFlags: 0
  serializedVersion: 11
  m_GIWorkflowMode: 1
  m_GISettings:
    serializedVersion: 2
    m_BounceScale: 1
    m_IndirectOutputScale: 1
    m_AlbedoBoost: 1
    m_TemporalCoherenceThreshold: 1
    m_EnvironmentLightingMode: 0
    m_EnableBakedLightmaps: 0
    m_EnableRealtimeLightmaps: 0
  m_LightmapEditorSettings:
    serializedVersion: 10
    m_Resolution: 2
    m_BakeResolution: 40
    m_AtlasSize: 1024
    m_AO: 0
    m_AOMaxDistance: 1
    m_CompAOExponent: 1
    m_CompAOExponentDirect: 0
    m_Padding: 2
    m_LightmapParameters: {fileID: 0}
    m_LightmapsBakeMode: 1
    m_TextureCompression: 1
    m_FinalGather: 0
    m_FinalGatherFiltering: 1
    m_FinalGatherRayCount: 256
    m_ReflectionCompression: 2
    m_MixedBakeMode: 2
    m_BakeBackend: 0
    m_PVRSampling: 1
    m_PVRDirectSampleCount: 32
    m_PVRSampleCount: 500
    m_PVRBounces: 2
    m_PVRFilterTypeDirect: 0
    m_PVRFilterTypeIndirect: 0
    m_PVRFilterTypeAO: 0
    m_PVRFilteringMode: 1
    m_PVRCulling: 1
    m_PVRFilteringGaussRadiusDirect: 1
    m_PVRFilteringGaussRadiusIndirect: 5
    m_PVRFilteringGaussRadiusAO: 2
    m_PVRFilteringAtrousPositionSigmaDirect: 0.5
    m_PVRFilteringAtrousPositionSigmaIndirect: 2
    m_PVRFilteringAtrousPositionSigmaAO: 1
    m_ShowResolutionOverlay: 1
  m_LightingDataAsset: {fileID: 0}
  m_UseShadowmask: 1
--- !u!196 &4
NavMeshSettings:
  serializedVersion: 2
  m_ObjectHideFlags: 0
  m_BuildSettings:
    serializedVersion: 2
    agentTypeID: 0
    agentRadius: 0.5
    agentHeight: 2
    agentSlope: 45
    agentClimb: 0.4
    ledgeDropHeight: 0
    maxJumpAcrossDistance: 0
    minRegionArea: 2
    manualCellSize: 0
    cellSize: 0.16666667
    manualTileSize: 0
    tileSize: 256
    accuratePlacement: 0
    debug:
      m_Flags: 0
  m_NavMeshData: {fileID: 0}
--- !u!1001 &2462870
Prefab:
  m_ObjectHideFlags: 0
  serializedVersion: 2
  m_Modification:
    m_TransformParent: {fileID: 0}
    m_Modifications:
    - target: {fileID: 4993765047557294, guid: de098d0f5818ea04898db3f1a832d34e, type: 2}
      propertyPath: m_LocalPosition.x
      value: 0
      objectReference: {fileID: 0}
    - target: {fileID: 4993765047557294, guid: de098d0f5818ea04898db3f1a832d34e, type: 2}
      propertyPath: m_LocalPosition.y
      value: 0
      objectReference: {fileID: 0}
    - target: {fileID: 4993765047557294, guid: de098d0f5818ea04898db3f1a832d34e, type: 2}
      propertyPath: m_LocalPosition.z
      value: 0
      objectReference: {fileID: 0}
    - target: {fileID: 4993765047557294, guid: de098d0f5818ea04898db3f1a832d34e, type: 2}
      propertyPath: m_LocalRotation.x
      value: 0
      objectReference: {fileID: 0}
    - target: {fileID: 4993765047557294, guid: de098d0f5818ea04898db3f1a832d34e, type: 2}
      propertyPath: m_LocalRotation.y
      value: 0
      objectReference: {fileID: 0}
    - target: {fileID: 4993765047557294, guid: de098d0f5818ea04898db3f1a832d34e, type: 2}
      propertyPath: m_LocalRotation.z
      value: 0
      objectReference: {fileID: 0}
    - target: {fileID: 4993765047557294, guid: de098d0f5818ea04898db3f1a832d34e, type: 2}
      propertyPath: m_LocalRotation.w
      value: 1
      objectReference: {fileID: 0}
    - target: {fileID: 4993765047557294, guid: de098d0f5818ea04898db3f1a832d34e, type: 2}
      propertyPath: m_RootOrder
      value: 0
      objectReference: {fileID: 0}
    - target: {fileID: 1947657365681644, guid: de098d0f5818ea04898db3f1a832d34e, type: 2}
      propertyPath: m_Name
      value: A-Star
      objectReference: {fileID: 0}
    - target: {fileID: 114351670424449210, guid: de098d0f5818ea04898db3f1a832d34e,
        type: 2}
      propertyPath: obstacles
      value: 
      objectReference: {fileID: 2048874820}
    - target: {fileID: 114351670424449210, guid: de098d0f5818ea04898db3f1a832d34e,
        type: 2}
      propertyPath: disableDiagonalMovement
      value: 1
      objectReference: {fileID: 0}
    - target: {fileID: 114351670424449210, guid: de098d0f5818ea04898db3f1a832d34e,
        type: 2}
      propertyPath: targets
      value: 
      objectReference: {fileID: 344506487}
    - target: {fileID: 114351670424449210, guid: de098d0f5818ea04898db3f1a832d34e,
        type: 2}
      propertyPath: displayGridGismos
      value: 0
      objectReference: {fileID: 0}
    - target: {fileID: 4993765047557294, guid: de098d0f5818ea04898db3f1a832d34e, type: 2}
      propertyPath: m_LocalScale.x
      value: 1
      objectReference: {fileID: 0}
    - target: {fileID: 4993765047557294, guid: de098d0f5818ea04898db3f1a832d34e, type: 2}
      propertyPath: m_LocalScale.y
      value: 1
      objectReference: {fileID: 0}
    - target: {fileID: 114351670424449210, guid: de098d0f5818ea04898db3f1a832d34e,
        type: 2}
      propertyPath: nodeRadius
      value: 0.5
      objectReference: {fileID: 0}
    - target: {fileID: 114351670424449210, guid: de098d0f5818ea04898db3f1a832d34e,
        type: 2}
      propertyPath: gridWorldSize.x
      value: 26
      objectReference: {fileID: 0}
    - target: {fileID: 114351670424449210, guid: de098d0f5818ea04898db3f1a832d34e,
        type: 2}
      propertyPath: gridWorldSize.y
      value: 20
      objectReference: {fileID: 0}
    - target: {fileID: 114351670424449210, guid: de098d0f5818ea04898db3f1a832d34e,
        type: 2}
      propertyPath: goals
      value: 
      objectReference: {fileID: 344506487}
    m_RemovedComponents: []
  m_ParentPrefab: {fileID: 100100000, guid: de098d0f5818ea04898db3f1a832d34e, type: 2}
  m_IsPrefabParent: 0
--- !u!1001 &344506486
Prefab:
  m_ObjectHideFlags: 0
  serializedVersion: 2
  m_Modification:
    m_TransformParent: {fileID: 0}
    m_Modifications:
    - target: {fileID: 8195094281771877532, guid: 948ba75e166a03e4c8bd657471ef7843,
        type: 2}
      propertyPath: m_Tiles.Array.size
      value: 3
      objectReference: {fileID: 0}
    - target: {fileID: 8195094280513718470, guid: 948ba75e166a03e4c8bd657471ef7843,
        type: 2}
      propertyPath: m_Tiles.Array.size
      value: 118
      objectReference: {fileID: 0}
    - target: {fileID: 4782601908253322, guid: 948ba75e166a03e4c8bd657471ef7843, type: 2}
      propertyPath: m_LocalPosition.x
      value: 0
      objectReference: {fileID: 0}
    - target: {fileID: 4782601908253322, guid: 948ba75e166a03e4c8bd657471ef7843, type: 2}
      propertyPath: m_LocalPosition.y
      value: 0
      objectReference: {fileID: 0}
    - target: {fileID: 4782601908253322, guid: 948ba75e166a03e4c8bd657471ef7843, type: 2}
      propertyPath: m_LocalPosition.z
      value: 0
      objectReference: {fileID: 0}
    - target: {fileID: 4782601908253322, guid: 948ba75e166a03e4c8bd657471ef7843, type: 2}
      propertyPath: m_LocalRotation.x
      value: 0
      objectReference: {fileID: 0}
    - target: {fileID: 4782601908253322, guid: 948ba75e166a03e4c8bd657471ef7843, type: 2}
      propertyPath: m_LocalRotation.y
      value: 0
      objectReference: {fileID: 0}
    - target: {fileID: 4782601908253322, guid: 948ba75e166a03e4c8bd657471ef7843, type: 2}
      propertyPath: m_LocalRotation.z
      value: 0
      objectReference: {fileID: 0}
    - target: {fileID: 4782601908253322, guid: 948ba75e166a03e4c8bd657471ef7843, type: 2}
      propertyPath: m_LocalRotation.w
      value: 1
      objectReference: {fileID: 0}
    - target: {fileID: 4782601908253322, guid: 948ba75e166a03e4c8bd657471ef7843, type: 2}
      propertyPath: m_RootOrder
      value: 1
      objectReference: {fileID: 0}
    - target: {fileID: 3664157346221755542, guid: 948ba75e166a03e4c8bd657471ef7843,
        type: 2}
      propertyPath: m_Enabled
      value: 1
      objectReference: {fileID: 0}
    - target: {fileID: 8195094281771877532, guid: 948ba75e166a03e4c8bd657471ef7843,
        type: 2}
      propertyPath: m_Tiles.Array.data[6].first.x
      value: 12
      objectReference: {fileID: 0}
    - target: {fileID: 8195094281771877532, guid: 948ba75e166a03e4c8bd657471ef7843,
        type: 2}
      propertyPath: m_TileAssetArray.Array.data[1].m_RefCount
      value: 0
      objectReference: {fileID: 0}
    - target: {fileID: 8195094281771877532, guid: 948ba75e166a03e4c8bd657471ef7843,
        type: 2}
      propertyPath: m_TileSpriteArray.Array.data[1].m_RefCount
      value: 0
      objectReference: {fileID: 0}
    - target: {fileID: 8195094281771877532, guid: 948ba75e166a03e4c8bd657471ef7843,
        type: 2}
      propertyPath: m_TileMatrixArray.Array.data[0].m_RefCount
      value: 3
      objectReference: {fileID: 0}
    - target: {fileID: 8195094281771877532, guid: 948ba75e166a03e4c8bd657471ef7843,
        type: 2}
      propertyPath: m_TileColorArray.Array.data[0].m_RefCount
      value: 3
      objectReference: {fileID: 0}
    - target: {fileID: 8195094281771877532, guid: 948ba75e166a03e4c8bd657471ef7843,
        type: 2}
      propertyPath: m_Tiles.Array.data[4].first.x
      value: 12
      objectReference: {fileID: 0}
    - target: {fileID: 8195094281771877532, guid: 948ba75e166a03e4c8bd657471ef7843,
        type: 2}
      propertyPath: m_Tiles.Array.data[5].first.y
      value: 9
      objectReference: {fileID: 0}
    - target: {fileID: 8195094281771877532, guid: 948ba75e166a03e4c8bd657471ef7843,
        type: 2}
      propertyPath: m_Tiles.Array.data[4].first.y
      value: 9
      objectReference: {fileID: 0}
    - target: {fileID: 8195094281771877532, guid: 948ba75e166a03e4c8bd657471ef7843,
        type: 2}
      propertyPath: m_Tiles.Array.data[2].first.x
      value: 1
      objectReference: {fileID: 0}
    - target: {fileID: 8195094281771877532, guid: 948ba75e166a03e4c8bd657471ef7843,
        type: 2}
      propertyPath: m_TileAssetArray.Array.data[1].m_Data
      value: 
      objectReference: {fileID: 0}
    - target: {fileID: 8195094281771877532, guid: 948ba75e166a03e4c8bd657471ef7843,
        type: 2}
      propertyPath: m_TileSpriteArray.Array.data[1].m_Data
      value: 
      objectReference: {fileID: 0}
    - target: {fileID: 8195094281771877532, guid: 948ba75e166a03e4c8bd657471ef7843,
        type: 2}
      propertyPath: m_TileMatrixArray.Array.data[0].m_Data.e00
      value: 1
      objectReference: {fileID: 0}
    - target: {fileID: 8195094281771877532, guid: 948ba75e166a03e4c8bd657471ef7843,
        type: 2}
      propertyPath: m_TileMatrixArray.Array.data[0].m_Data.e01
      value: 0
      objectReference: {fileID: 0}
    - target: {fileID: 8195094281771877532, guid: 948ba75e166a03e4c8bd657471ef7843,
        type: 2}
      propertyPath: m_TileMatrixArray.Array.data[0].m_Data.e02
      value: 0
      objectReference: {fileID: 0}
    - target: {fileID: 8195094281771877532, guid: 948ba75e166a03e4c8bd657471ef7843,
        type: 2}
      propertyPath: m_TileMatrixArray.Array.data[0].m_Data.e11
      value: 1
      objectReference: {fileID: 0}
    - target: {fileID: 8195094281771877532, guid: 948ba75e166a03e4c8bd657471ef7843,
        type: 2}
      propertyPath: m_TileMatrixArray.Array.data[0].m_Data.e12
      value: 0
      objectReference: {fileID: 0}
    - target: {fileID: 8195094281771877532, guid: 948ba75e166a03e4c8bd657471ef7843,
        type: 2}
      propertyPath: m_TileMatrixArray.Array.data[0].m_Data.e20
      value: 0
      objectReference: {fileID: 0}
    - target: {fileID: 8195094281771877532, guid: 948ba75e166a03e4c8bd657471ef7843,
        type: 2}
      propertyPath: m_TileMatrixArray.Array.data[0].m_Data.e21
      value: 0
      objectReference: {fileID: 0}
    - target: {fileID: 8195094281771877532, guid: 948ba75e166a03e4c8bd657471ef7843,
        type: 2}
      propertyPath: m_TileMatrixArray.Array.data[0].m_Data.e22
      value: 1
      objectReference: {fileID: 0}
    - target: {fileID: 8195094281771877532, guid: 948ba75e166a03e4c8bd657471ef7843,
        type: 2}
      propertyPath: m_TileMatrixArray.Array.data[0].m_Data.e23
      value: 0
      objectReference: {fileID: 0}
    - target: {fileID: 8195094281771877532, guid: 948ba75e166a03e4c8bd657471ef7843,
        type: 2}
      propertyPath: m_TileMatrixArray.Array.data[0].m_Data.e30
      value: 0
      objectReference: {fileID: 0}
    - target: {fileID: 8195094281771877532, guid: 948ba75e166a03e4c8bd657471ef7843,
        type: 2}
      propertyPath: m_TileMatrixArray.Array.data[0].m_Data.e31
      value: 0
      objectReference: {fileID: 0}
    - target: {fileID: 8195094281771877532, guid: 948ba75e166a03e4c8bd657471ef7843,
        type: 2}
      propertyPath: m_TileMatrixArray.Array.data[0].m_Data.e33
      value: 1
      objectReference: {fileID: 0}
    - target: {fileID: 8195094281771877532, guid: 948ba75e166a03e4c8bd657471ef7843,
        type: 2}
      propertyPath: m_TileColorArray.Array.data[0].m_Data.r
      value: 1
      objectReference: {fileID: 0}
    - target: {fileID: 8195094281771877532, guid: 948ba75e166a03e4c8bd657471ef7843,
        type: 2}
      propertyPath: m_TileColorArray.Array.data[0].m_Data.g
      value: 1
      objectReference: {fileID: 0}
    - target: {fileID: 8195094281771877532, guid: 948ba75e166a03e4c8bd657471ef7843,
        type: 2}
      propertyPath: m_TileColorArray.Array.data[0].m_Data.b
      value: 1
      objectReference: {fileID: 0}
    - target: {fileID: 8195094281771877532, guid: 948ba75e166a03e4c8bd657471ef7843,
        type: 2}
      propertyPath: m_TileColorArray.Array.data[0].m_Data.a
      value: 1
      objectReference: {fileID: 0}
    - target: {fileID: 8195094281771877532, guid: 948ba75e166a03e4c8bd657471ef7843,
        type: 2}
      propertyPath: m_Tiles.Array.data[0].first.y
      value: -9
      objectReference: {fileID: 0}
    - target: {fileID: 8195094281771877532, guid: 948ba75e166a03e4c8bd657471ef7843,
        type: 2}
      propertyPath: m_Tiles.Array.data[1].first.x
      value: 11
      objectReference: {fileID: 0}
    - target: {fileID: 8195094281771877532, guid: 948ba75e166a03e4c8bd657471ef7843,
        type: 2}
      propertyPath: m_Tiles.Array.data[1].first.y
      value: 3
      objectReference: {fileID: 0}
    - target: {fileID: 8195094281771877532, guid: 948ba75e166a03e4c8bd657471ef7843,
        type: 2}
      propertyPath: m_Tiles.Array.data[2].first.y
      value: 9
      objectReference: {fileID: 0}
    - target: {fileID: 8195094281771877532, guid: 948ba75e166a03e4c8bd657471ef7843,
        type: 2}
      propertyPath: m_Tiles.Array.data[3].first.x
      value: 11
      objectReference: {fileID: 0}
    - target: {fileID: 8195094281771877532, guid: 948ba75e166a03e4c8bd657471ef7843,
        type: 2}
      propertyPath: m_Tiles.Array.data[3].first.y
      value: 8
      objectReference: {fileID: 0}
    - target: {fileID: 8195094281771877532, guid: 948ba75e166a03e4c8bd657471ef7843,
        type: 2}
      propertyPath: m_Tiles.Array.data[0].first.x
      value: 11
      objectReference: {fileID: 0}
    - target: {fileID: 8195094281771877532, guid: 948ba75e166a03e4c8bd657471ef7843,
        type: 2}
      propertyPath: m_TileRefreshArray.Array.data[1].m_DirtyIndex
      value: 1
      objectReference: {fileID: 0}
    - target: {fileID: 8195094281771877532, guid: 948ba75e166a03e4c8bd657471ef7843,
        type: 2}
      propertyPath: m_Tiles.Array.data[1].second.m_TileIndex
      value: 0
      objectReference: {fileID: 0}
    - target: {fileID: 8195094281771877532, guid: 948ba75e166a03e4c8bd657471ef7843,
        type: 2}
      propertyPath: m_Tiles.Array.data[1].second.m_TileSpriteIndex
      value: 0
      objectReference: {fileID: 0}
    - target: {fileID: 8195094281771877532, guid: 948ba75e166a03e4c8bd657471ef7843,
        type: 2}
      propertyPath: m_TileAssetArray.Array.data[0].m_RefCount
      value: 3
      objectReference: {fileID: 0}
    - target: {fileID: 8195094281771877532, guid: 948ba75e166a03e4c8bd657471ef7843,
        type: 2}
      propertyPath: m_TileAssetArray.Array.data[0].m_Data
      value: 
      objectReference: {fileID: 11400000, guid: 5c13444adf8eea048b6f717f95e67e66,
        type: 2}
    - target: {fileID: 8195094281771877532, guid: 948ba75e166a03e4c8bd657471ef7843,
        type: 2}
      propertyPath: m_TileSpriteArray.Array.data[0].m_RefCount
      value: 3
      objectReference: {fileID: 0}
    - target: {fileID: 8195094281771877532, guid: 948ba75e166a03e4c8bd657471ef7843,
        type: 2}
      propertyPath: m_TileSpriteArray.Array.data[0].m_Data
      value: 
      objectReference: {fileID: 21300000, guid: 6f8323d62a09ff640a75ec5ba7adc4a4,
        type: 3}
    - target: {fileID: 8195094281771877532, guid: 948ba75e166a03e4c8bd657471ef7843,
        type: 2}
      propertyPath: m_TileRefreshArray.Array.data[0].m_DirtyIndex
      value: 0
      objectReference: {fileID: 0}
    - target: {fileID: 8195094281771877532, guid: 948ba75e166a03e4c8bd657471ef7843,
        type: 2}
      propertyPath: m_Tiles.Array.data[0].second.m_TileIndex
      value: 0
      objectReference: {fileID: 0}
    - target: {fileID: 8195094281771877532, guid: 948ba75e166a03e4c8bd657471ef7843,
        type: 2}
      propertyPath: m_Tiles.Array.data[0].second.m_TileSpriteIndex
      value: 0
      objectReference: {fileID: 0}
    - target: {fileID: 3664157344394154530, guid: 948ba75e166a03e4c8bd657471ef7843,
        type: 2}
      propertyPath: m_Enabled
      value: 1
      objectReference: {fileID: 0}
    - target: {fileID: 3664157344677374064, guid: 948ba75e166a03e4c8bd657471ef7843,
        type: 2}
      propertyPath: m_Enabled
      value: 1
      objectReference: {fileID: 0}
    - target: {fileID: 8195094281771877532, guid: 948ba75e166a03e4c8bd657471ef7843,
        type: 2}
      propertyPath: m_Tiles.Array.data[2].second.m_TileIndex
      value: 0
      objectReference: {fileID: 0}
    - target: {fileID: 8195094281771877532, guid: 948ba75e166a03e4c8bd657471ef7843,
        type: 2}
      propertyPath: m_Tiles.Array.data[2].second.m_TileSpriteIndex
      value: 0
      objectReference: {fileID: 0}
    - target: {fileID: 8195094280513718470, guid: 948ba75e166a03e4c8bd657471ef7843,
        type: 2}
      propertyPath: m_Tiles.Array.data[113].first.x
      value: 9
      objectReference: {fileID: 0}
    - target: {fileID: 8195094280513718470, guid: 948ba75e166a03e4c8bd657471ef7843,
        type: 2}
      propertyPath: m_Tiles.Array.data[113].second.m_TileIndex
      value: 12
      objectReference: {fileID: 0}
    - target: {fileID: 8195094280513718470, guid: 948ba75e166a03e4c8bd657471ef7843,
        type: 2}
      propertyPath: m_Tiles.Array.data[113].second.m_TileSpriteIndex
      value: 12
      objectReference: {fileID: 0}
    - target: {fileID: 8195094280513718470, guid: 948ba75e166a03e4c8bd657471ef7843,
        type: 2}
      propertyPath: m_Tiles.Array.data[114].first.x
      value: -8
      objectReference: {fileID: 0}
    - target: {fileID: 8195094280513718470, guid: 948ba75e166a03e4c8bd657471ef7843,
        type: 2}
      propertyPath: m_Tiles.Array.data[114].second.m_TileIndex
      value: 10
      objectReference: {fileID: 0}
    - target: {fileID: 8195094280513718470, guid: 948ba75e166a03e4c8bd657471ef7843,
        type: 2}
      propertyPath: m_Tiles.Array.data[114].second.m_TileSpriteIndex
      value: 10
      objectReference: {fileID: 0}
    - target: {fileID: 8195094280513718470, guid: 948ba75e166a03e4c8bd657471ef7843,
        type: 2}
      propertyPath: m_Tiles.Array.data[115].first.x
      value: -1
      objectReference: {fileID: 0}
    - target: {fileID: 8195094280513718470, guid: 948ba75e166a03e4c8bd657471ef7843,
        type: 2}
      propertyPath: m_Tiles.Array.data[115].first.y
      value: 8
      objectReference: {fileID: 0}
    - target: {fileID: 8195094280513718470, guid: 948ba75e166a03e4c8bd657471ef7843,
        type: 2}
      propertyPath: m_Tiles.Array.data[115].second.m_TileIndex
      value: 12
      objectReference: {fileID: 0}
    - target: {fileID: 8195094280513718470, guid: 948ba75e166a03e4c8bd657471ef7843,
        type: 2}
      propertyPath: m_Tiles.Array.data[115].second.m_TileSpriteIndex
      value: 12
      objectReference: {fileID: 0}
    - target: {fileID: 8195094280513718470, guid: 948ba75e166a03e4c8bd657471ef7843,
        type: 2}
      propertyPath: m_Tiles.Array.data[116].first.x
      value: -8
      objectReference: {fileID: 0}
    - target: {fileID: 8195094280513718470, guid: 948ba75e166a03e4c8bd657471ef7843,
        type: 2}
      propertyPath: m_Tiles.Array.data[117].first.x
      value: -1
      objectReference: {fileID: 0}
    - target: {fileID: 8195094280513718470, guid: 948ba75e166a03e4c8bd657471ef7843,
        type: 2}
      propertyPath: m_Tiles.Array.data[117].second.m_TileIndex
      value: 12
      objectReference: {fileID: 0}
    - target: {fileID: 8195094280513718470, guid: 948ba75e166a03e4c8bd657471ef7843,
        type: 2}
      propertyPath: m_Tiles.Array.data[117].second.m_TileSpriteIndex
      value: 12
      objectReference: {fileID: 0}
    - target: {fileID: 8195094280513718470, guid: 948ba75e166a03e4c8bd657471ef7843,
        type: 2}
      propertyPath: m_Tiles.Array.data[118].first.x
      value: -1
      objectReference: {fileID: 0}
    - target: {fileID: 8195094280513718470, guid: 948ba75e166a03e4c8bd657471ef7843,
        type: 2}
      propertyPath: m_Tiles.Array.data[118].first.y
      value: 9
      objectReference: {fileID: 0}
    - target: {fileID: 8195094280513718470, guid: 948ba75e166a03e4c8bd657471ef7843,
        type: 2}
      propertyPath: m_Tiles.Array.data[118].second.m_TileIndex
      value: 12
      objectReference: {fileID: 0}
    - target: {fileID: 8195094280513718470, guid: 948ba75e166a03e4c8bd657471ef7843,
        type: 2}
      propertyPath: m_Tiles.Array.data[118].second.m_TileSpriteIndex
      value: 12
      objectReference: {fileID: 0}
    - target: {fileID: 8195094280513718470, guid: 948ba75e166a03e4c8bd657471ef7843,
        type: 2}
      propertyPath: m_Tiles.Array.data[118].second.m_TileFlags
      value: 1
      objectReference: {fileID: 0}
    - target: {fileID: 8195094280513718470, guid: 948ba75e166a03e4c8bd657471ef7843,
        type: 2}
      propertyPath: m_Tiles.Array.data[118].second.m_ColliderType
      value: 1
      objectReference: {fileID: 0}
    - target: {fileID: 8195094280513718470, guid: 948ba75e166a03e4c8bd657471ef7843,
        type: 2}
      propertyPath: m_TileAssetArray.Array.data[12].m_RefCount
      value: 30
      objectReference: {fileID: 0}
    - target: {fileID: 8195094280513718470, guid: 948ba75e166a03e4c8bd657471ef7843,
        type: 2}
      propertyPath: m_TileSpriteArray.Array.data[12].m_RefCount
      value: 30
      objectReference: {fileID: 0}
    - target: {fileID: 8195094280513718470, guid: 948ba75e166a03e4c8bd657471ef7843,
        type: 2}
      propertyPath: m_TileMatrixArray.Array.data[0].m_RefCount
      value: 118
      objectReference: {fileID: 0}
    - target: {fileID: 8195094280513718470, guid: 948ba75e166a03e4c8bd657471ef7843,
        type: 2}
      propertyPath: m_TileColorArray.Array.data[0].m_RefCount
      value: 118
      objectReference: {fileID: 0}
    - target: {fileID: 8195094280513718470, guid: 948ba75e166a03e4c8bd657471ef7843,
        type: 2}
      propertyPath: m_Tiles.Array.data[119].first.x
      value: 9
      objectReference: {fileID: 0}
    - target: {fileID: 8195094280513718470, guid: 948ba75e166a03e4c8bd657471ef7843,
        type: 2}
      propertyPath: m_Tiles.Array.data[119].first.y
      value: 9
      objectReference: {fileID: 0}
    - target: {fileID: 8195094280513718470, guid: 948ba75e166a03e4c8bd657471ef7843,
        type: 2}
      propertyPath: m_Tiles.Array.data[119].second.m_TileIndex
      value: 12
      objectReference: {fileID: 0}
    - target: {fileID: 8195094280513718470, guid: 948ba75e166a03e4c8bd657471ef7843,
        type: 2}
      propertyPath: m_Tiles.Array.data[119].second.m_TileSpriteIndex
      value: 12
      objectReference: {fileID: 0}
    - target: {fileID: 8195094280513718470, guid: 948ba75e166a03e4c8bd657471ef7843,
        type: 2}
      propertyPath: m_Tiles.Array.data[119].second.m_TileFlags
      value: 1
      objectReference: {fileID: 0}
    - target: {fileID: 8195094280513718470, guid: 948ba75e166a03e4c8bd657471ef7843,
        type: 2}
      propertyPath: m_Tiles.Array.data[119].second.m_ColliderType
      value: 1
      objectReference: {fileID: 0}
    - target: {fileID: 8195094280513718470, guid: 948ba75e166a03e4c8bd657471ef7843,
        type: 2}
      propertyPath: m_Tiles.Array.data[80].first.x
      value: -1
      objectReference: {fileID: 0}
    - target: {fileID: 8195094280513718470, guid: 948ba75e166a03e4c8bd657471ef7843,
        type: 2}
      propertyPath: m_Tiles.Array.data[80].first.y
      value: 2
      objectReference: {fileID: 0}
    - target: {fileID: 8195094280513718470, guid: 948ba75e166a03e4c8bd657471ef7843,
        type: 2}
      propertyPath: m_Tiles.Array.data[80].second.m_TileIndex
      value: 6
      objectReference: {fileID: 0}
    - target: {fileID: 8195094280513718470, guid: 948ba75e166a03e4c8bd657471ef7843,
        type: 2}
      propertyPath: m_Tiles.Array.data[80].second.m_TileSpriteIndex
      value: 6
      objectReference: {fileID: 0}
    - target: {fileID: 8195094280513718470, guid: 948ba75e166a03e4c8bd657471ef7843,
        type: 2}
      propertyPath: m_Tiles.Array.data[81].first.x
      value: 2
      objectReference: {fileID: 0}
    - target: {fileID: 8195094280513718470, guid: 948ba75e166a03e4c8bd657471ef7843,
        type: 2}
      propertyPath: m_Tiles.Array.data[82].first.x
      value: -4
      objectReference: {fileID: 0}
    - target: {fileID: 8195094280513718470, guid: 948ba75e166a03e4c8bd657471ef7843,
        type: 2}
      propertyPath: m_Tiles.Array.data[82].second.m_TileIndex
      value: 10
      objectReference: {fileID: 0}
    - target: {fileID: 8195094280513718470, guid: 948ba75e166a03e4c8bd657471ef7843,
        type: 2}
      propertyPath: m_Tiles.Array.data[82].second.m_TileSpriteIndex
      value: 10
      objectReference: {fileID: 0}
    - target: {fileID: 8195094280513718470, guid: 948ba75e166a03e4c8bd657471ef7843,
        type: 2}
      propertyPath: m_Tiles.Array.data[83].first.x
      value: -1
      objectReference: {fileID: 0}
    - target: {fileID: 8195094280513718470, guid: 948ba75e166a03e4c8bd657471ef7843,
        type: 2}
      propertyPath: m_Tiles.Array.data[83].second.m_TileIndex
      value: 10
      objectReference: {fileID: 0}
    - target: {fileID: 8195094280513718470, guid: 948ba75e166a03e4c8bd657471ef7843,
        type: 2}
      propertyPath: m_Tiles.Array.data[83].second.m_TileSpriteIndex
      value: 10
      objectReference: {fileID: 0}
    - target: {fileID: 8195094280513718470, guid: 948ba75e166a03e4c8bd657471ef7843,
        type: 2}
      propertyPath: m_Tiles.Array.data[84].first.x
      value: 2
      objectReference: {fileID: 0}
    - target: {fileID: 8195094280513718470, guid: 948ba75e166a03e4c8bd657471ef7843,
        type: 2}
      propertyPath: m_Tiles.Array.data[85].first.x
      value: 3
      objectReference: {fileID: 0}
    - target: {fileID: 8195094280513718470, guid: 948ba75e166a03e4c8bd657471ef7843,
        type: 2}
      propertyPath: m_Tiles.Array.data[86].first.x
      value: 4
      objectReference: {fileID: 0}
    - target: {fileID: 8195094280513718470, guid: 948ba75e166a03e4c8bd657471ef7843,
        type: 2}
      propertyPath: m_Tiles.Array.data[87].first.x
      value: 5
      objectReference: {fileID: 0}
    - target: {fileID: 8195094280513718470, guid: 948ba75e166a03e4c8bd657471ef7843,
        type: 2}
      propertyPath: m_Tiles.Array.data[88].first.x
      value: 6
      objectReference: {fileID: 0}
    - target: {fileID: 8195094280513718470, guid: 948ba75e166a03e4c8bd657471ef7843,
        type: 2}
      propertyPath: m_Tiles.Array.data[89].first.x
      value: 7
      objectReference: {fileID: 0}
    - target: {fileID: 8195094280513718470, guid: 948ba75e166a03e4c8bd657471ef7843,
        type: 2}
      propertyPath: m_Tiles.Array.data[89].first.y
      value: 3
      objectReference: {fileID: 0}
    - target: {fileID: 8195094280513718470, guid: 948ba75e166a03e4c8bd657471ef7843,
        type: 2}
      propertyPath: m_Tiles.Array.data[89].second.m_TileIndex
      value: 6
      objectReference: {fileID: 0}
    - target: {fileID: 8195094280513718470, guid: 948ba75e166a03e4c8bd657471ef7843,
        type: 2}
      propertyPath: m_Tiles.Array.data[89].second.m_TileSpriteIndex
      value: 6
      objectReference: {fileID: 0}
    - target: {fileID: 8195094280513718470, guid: 948ba75e166a03e4c8bd657471ef7843,
        type: 2}
      propertyPath: m_Tiles.Array.data[90].first.x
      value: 8
      objectReference: {fileID: 0}
    - target: {fileID: 8195094280513718470, guid: 948ba75e166a03e4c8bd657471ef7843,
        type: 2}
      propertyPath: m_Tiles.Array.data[91].first.x
      value: -4
      objectReference: {fileID: 0}
    - target: {fileID: 8195094280513718470, guid: 948ba75e166a03e4c8bd657471ef7843,
        type: 2}
      propertyPath: m_Tiles.Array.data[92].first.x
      value: -1
      objectReference: {fileID: 0}
    - target: {fileID: 8195094280513718470, guid: 948ba75e166a03e4c8bd657471ef7843,
        type: 2}
      propertyPath: m_Tiles.Array.data[93].first.x
      value: 2
      objectReference: {fileID: 0}
    - target: {fileID: 8195094280513718470, guid: 948ba75e166a03e4c8bd657471ef7843,
        type: 2}
      propertyPath: m_Tiles.Array.data[94].first.x
      value: 5
      objectReference: {fileID: 0}
    - target: {fileID: 8195094280513718470, guid: 948ba75e166a03e4c8bd657471ef7843,
        type: 2}
      propertyPath: m_Tiles.Array.data[94].first.y
      value: 4
      objectReference: {fileID: 0}
    - target: {fileID: 8195094280513718470, guid: 948ba75e166a03e4c8bd657471ef7843,
        type: 2}
      propertyPath: m_Tiles.Array.data[95].first.x
      value: 8
      objectReference: {fileID: 0}
    - target: {fileID: 8195094280513718470, guid: 948ba75e166a03e4c8bd657471ef7843,
        type: 2}
      propertyPath: m_Tiles.Array.data[96].first.x
      value: -4
      objectReference: {fileID: 0}
    - target: {fileID: 8195094280513718470, guid: 948ba75e166a03e4c8bd657471ef7843,
        type: 2}
      propertyPath: m_Tiles.Array.data[97].first.x
      value: -1
      objectReference: {fileID: 0}
    - target: {fileID: 8195094280513718470, guid: 948ba75e166a03e4c8bd657471ef7843,
        type: 2}
      propertyPath: m_Tiles.Array.data[98].first.x
      value: 2
      objectReference: {fileID: 0}
    - target: {fileID: 8195094280513718470, guid: 948ba75e166a03e4c8bd657471ef7843,
        type: 2}
      propertyPath: m_Tiles.Array.data[99].first.x
      value: 5
      objectReference: {fileID: 0}
    - target: {fileID: 8195094280513718470, guid: 948ba75e166a03e4c8bd657471ef7843,
        type: 2}
      propertyPath: m_Tiles.Array.data[99].first.y
      value: 5
      objectReference: {fileID: 0}
    - target: {fileID: 8195094280513718470, guid: 948ba75e166a03e4c8bd657471ef7843,
        type: 2}
      propertyPath: m_Tiles.Array.data[100].first.x
      value: 8
      objectReference: {fileID: 0}
    - target: {fileID: 8195094280513718470, guid: 948ba75e166a03e4c8bd657471ef7843,
        type: 2}
      propertyPath: m_Tiles.Array.data[101].first.x
      value: -4
      objectReference: {fileID: 0}
    - target: {fileID: 8195094280513718470, guid: 948ba75e166a03e4c8bd657471ef7843,
        type: 2}
      propertyPath: m_Tiles.Array.data[102].first.x
      value: -1
      objectReference: {fileID: 0}
    - target: {fileID: 8195094280513718470, guid: 948ba75e166a03e4c8bd657471ef7843,
        type: 2}
      propertyPath: m_Tiles.Array.data[103].first.x
      value: 2
      objectReference: {fileID: 0}
    - target: {fileID: 8195094280513718470, guid: 948ba75e166a03e4c8bd657471ef7843,
        type: 2}
      propertyPath: m_Tiles.Array.data[104].first.x
      value: 5
      objectReference: {fileID: 0}
    - target: {fileID: 8195094280513718470, guid: 948ba75e166a03e4c8bd657471ef7843,
        type: 2}
      propertyPath: m_Tiles.Array.data[104].second.m_TileIndex
      value: 10
      objectReference: {fileID: 0}
    - target: {fileID: 8195094280513718470, guid: 948ba75e166a03e4c8bd657471ef7843,
        type: 2}
      propertyPath: m_Tiles.Array.data[104].second.m_TileSpriteIndex
      value: 10
      objectReference: {fileID: 0}
    - target: {fileID: 8195094280513718470, guid: 948ba75e166a03e4c8bd657471ef7843,
        type: 2}
      propertyPath: m_Tiles.Array.data[105].first.x
      value: 8
      objectReference: {fileID: 0}
    - target: {fileID: 8195094280513718470, guid: 948ba75e166a03e4c8bd657471ef7843,
        type: 2}
      propertyPath: m_Tiles.Array.data[105].first.y
      value: 6
      objectReference: {fileID: 0}
    - target: {fileID: 8195094280513718470, guid: 948ba75e166a03e4c8bd657471ef7843,
        type: 2}
      propertyPath: m_Tiles.Array.data[105].second.m_TileIndex
      value: 10
      objectReference: {fileID: 0}
    - target: {fileID: 8195094280513718470, guid: 948ba75e166a03e4c8bd657471ef7843,
        type: 2}
      propertyPath: m_Tiles.Array.data[105].second.m_TileSpriteIndex
      value: 10
      objectReference: {fileID: 0}
    - target: {fileID: 8195094280513718470, guid: 948ba75e166a03e4c8bd657471ef7843,
        type: 2}
      propertyPath: m_Tiles.Array.data[106].first.x
      value: 9
      objectReference: {fileID: 0}
    - target: {fileID: 8195094280513718470, guid: 948ba75e166a03e4c8bd657471ef7843,
        type: 2}
      propertyPath: m_Tiles.Array.data[106].second.m_TileIndex
      value: 6
      objectReference: {fileID: 0}
    - target: {fileID: 8195094280513718470, guid: 948ba75e166a03e4c8bd657471ef7843,
        type: 2}
      propertyPath: m_Tiles.Array.data[106].second.m_TileSpriteIndex
      value: 6
      objectReference: {fileID: 0}
    - target: {fileID: 8195094280513718470, guid: 948ba75e166a03e4c8bd657471ef7843,
        type: 2}
      propertyPath: m_Tiles.Array.data[107].first.x
      value: -8
      objectReference: {fileID: 0}
    - target: {fileID: 8195094280513718470, guid: 948ba75e166a03e4c8bd657471ef7843,
        type: 2}
      propertyPath: m_Tiles.Array.data[107].second.m_TileIndex
      value: 11
      objectReference: {fileID: 0}
    - target: {fileID: 8195094280513718470, guid: 948ba75e166a03e4c8bd657471ef7843,
        type: 2}
      propertyPath: m_Tiles.Array.data[107].second.m_TileSpriteIndex
      value: 11
      objectReference: {fileID: 0}
    - target: {fileID: 8195094280513718470, guid: 948ba75e166a03e4c8bd657471ef7843,
        type: 2}
      propertyPath: m_Tiles.Array.data[108].first.x
      value: -1
      objectReference: {fileID: 0}
    - target: {fileID: 8195094280513718470, guid: 948ba75e166a03e4c8bd657471ef7843,
        type: 2}
      propertyPath: m_Tiles.Array.data[109].first.x
      value: 0
      objectReference: {fileID: 0}
    - target: {fileID: 8195094280513718470, guid: 948ba75e166a03e4c8bd657471ef7843,
        type: 2}
      propertyPath: m_Tiles.Array.data[109].second.m_TileIndex
      value: 6
      objectReference: {fileID: 0}
    - target: {fileID: 8195094280513718470, guid: 948ba75e166a03e4c8bd657471ef7843,
        type: 2}
      propertyPath: m_Tiles.Array.data[109].second.m_TileSpriteIndex
      value: 6
      objectReference: {fileID: 0}
    - target: {fileID: 8195094280513718470, guid: 948ba75e166a03e4c8bd657471ef7843,
        type: 2}
      propertyPath: m_Tiles.Array.data[110].first.x
      value: 1
      objectReference: {fileID: 0}
    - target: {fileID: 8195094280513718470, guid: 948ba75e166a03e4c8bd657471ef7843,
        type: 2}
      propertyPath: m_Tiles.Array.data[110].second.m_TileIndex
      value: 6
      objectReference: {fileID: 0}
    - target: {fileID: 8195094280513718470, guid: 948ba75e166a03e4c8bd657471ef7843,
        type: 2}
      propertyPath: m_Tiles.Array.data[110].second.m_TileSpriteIndex
      value: 6
      objectReference: {fileID: 0}
    - target: {fileID: 8195094280513718470, guid: 948ba75e166a03e4c8bd657471ef7843,
        type: 2}
      propertyPath: m_Tiles.Array.data[111].first.x
      value: 2
      objectReference: {fileID: 0}
    - target: {fileID: 8195094280513718470, guid: 948ba75e166a03e4c8bd657471ef7843,
        type: 2}
      propertyPath: m_Tiles.Array.data[111].second.m_TileIndex
      value: 12
      objectReference: {fileID: 0}
    - target: {fileID: 8195094280513718470, guid: 948ba75e166a03e4c8bd657471ef7843,
        type: 2}
      propertyPath: m_Tiles.Array.data[111].second.m_TileSpriteIndex
      value: 12
      objectReference: {fileID: 0}
    - target: {fileID: 8195094280513718470, guid: 948ba75e166a03e4c8bd657471ef7843,
        type: 2}
      propertyPath: m_Tiles.Array.data[112].first.x
      value: 8
      objectReference: {fileID: 0}
    - target: {fileID: 8195094280513718470, guid: 948ba75e166a03e4c8bd657471ef7843,
        type: 2}
      propertyPath: m_Tiles.Array.data[112].first.y
      value: 7
      objectReference: {fileID: 0}
    - target: {fileID: 8195094280513718470, guid: 948ba75e166a03e4c8bd657471ef7843,
        type: 2}
      propertyPath: m_Tiles.Array.data[112].second.m_TileIndex
      value: 10
      objectReference: {fileID: 0}
    - target: {fileID: 8195094280513718470, guid: 948ba75e166a03e4c8bd657471ef7843,
        type: 2}
      propertyPath: m_Tiles.Array.data[112].second.m_TileSpriteIndex
      value: 10
      objectReference: {fileID: 0}
    - target: {fileID: 8195094280513718470, guid: 948ba75e166a03e4c8bd657471ef7843,
        type: 2}
      propertyPath: m_Tiles.Array.data[116].first.y
      value: 9
      objectReference: {fileID: 0}
    - target: {fileID: 8195094280513718470, guid: 948ba75e166a03e4c8bd657471ef7843,
        type: 2}
      propertyPath: m_Tiles.Array.data[116].second.m_TileIndex
      value: 10
      objectReference: {fileID: 0}
    - target: {fileID: 8195094280513718470, guid: 948ba75e166a03e4c8bd657471ef7843,
        type: 2}
      propertyPath: m_Tiles.Array.data[116].second.m_TileSpriteIndex
      value: 10
      objectReference: {fileID: 0}
    - target: {fileID: 8195094280513718470, guid: 948ba75e166a03e4c8bd657471ef7843,
        type: 2}
      propertyPath: m_Tiles.Array.data[120].first.x
      value: 9
      objectReference: {fileID: 0}
    - target: {fileID: 8195094280513718470, guid: 948ba75e166a03e4c8bd657471ef7843,
        type: 2}
      propertyPath: m_Tiles.Array.data[120].first.y
      value: 9
      objectReference: {fileID: 0}
    - target: {fileID: 8195094280513718470, guid: 948ba75e166a03e4c8bd657471ef7843,
        type: 2}
      propertyPath: m_Tiles.Array.data[120].second.m_TileIndex
      value: 12
      objectReference: {fileID: 0}
    - target: {fileID: 8195094280513718470, guid: 948ba75e166a03e4c8bd657471ef7843,
        type: 2}
      propertyPath: m_Tiles.Array.data[120].second.m_TileSpriteIndex
      value: 12
      objectReference: {fileID: 0}
    - target: {fileID: 8195094280513718470, guid: 948ba75e166a03e4c8bd657471ef7843,
        type: 2}
      propertyPath: m_Tiles.Array.data[120].second.m_TileFlags
      value: 1
      objectReference: {fileID: 0}
    - target: {fileID: 8195094280513718470, guid: 948ba75e166a03e4c8bd657471ef7843,
        type: 2}
      propertyPath: m_Tiles.Array.data[120].second.m_ColliderType
      value: 1
      objectReference: {fileID: 0}
    - target: {fileID: 8195094280513718470, guid: 948ba75e166a03e4c8bd657471ef7843,
        type: 2}
      propertyPath: m_Tiles.Array.data[75].first.x
      value: 2
      objectReference: {fileID: 0}
    - target: {fileID: 8195094280513718470, guid: 948ba75e166a03e4c8bd657471ef7843,
        type: 2}
      propertyPath: m_Tiles.Array.data[75].first.y
      value: 1
      objectReference: {fileID: 0}
    - target: {fileID: 8195094280513718470, guid: 948ba75e166a03e4c8bd657471ef7843,
        type: 2}
      propertyPath: m_Tiles.Array.data[75].second.m_TileIndex
      value: 12
      objectReference: {fileID: 0}
    - target: {fileID: 8195094280513718470, guid: 948ba75e166a03e4c8bd657471ef7843,
        type: 2}
      propertyPath: m_Tiles.Array.data[75].second.m_TileSpriteIndex
      value: 12
      objectReference: {fileID: 0}
    - target: {fileID: 8195094280513718470, guid: 948ba75e166a03e4c8bd657471ef7843,
        type: 2}
      propertyPath: m_Tiles.Array.data[76].first.x
      value: -8
      objectReference: {fileID: 0}
    - target: {fileID: 8195094280513718470, guid: 948ba75e166a03e4c8bd657471ef7843,
        type: 2}
      propertyPath: m_Tiles.Array.data[76].second.m_TileIndex
      value: 10
      objectReference: {fileID: 0}
    - target: {fileID: 8195094280513718470, guid: 948ba75e166a03e4c8bd657471ef7843,
        type: 2}
      propertyPath: m_Tiles.Array.data[76].second.m_TileSpriteIndex
      value: 10
      objectReference: {fileID: 0}
    - target: {fileID: 8195094280513718470, guid: 948ba75e166a03e4c8bd657471ef7843,
        type: 2}
      propertyPath: m_Tiles.Array.data[77].first.x
      value: -4
      objectReference: {fileID: 0}
    - target: {fileID: 8195094280513718470, guid: 948ba75e166a03e4c8bd657471ef7843,
        type: 2}
      propertyPath: m_Tiles.Array.data[77].second.m_TileIndex
      value: 11
      objectReference: {fileID: 0}
    - target: {fileID: 8195094280513718470, guid: 948ba75e166a03e4c8bd657471ef7843,
        type: 2}
      propertyPath: m_Tiles.Array.data[77].second.m_TileSpriteIndex
      value: 11
      objectReference: {fileID: 0}
    - target: {fileID: 8195094280513718470, guid: 948ba75e166a03e4c8bd657471ef7843,
        type: 2}
      propertyPath: m_Tiles.Array.data[78].first.x
      value: -3
      objectReference: {fileID: 0}
    - target: {fileID: 8195094280513718470, guid: 948ba75e166a03e4c8bd657471ef7843,
        type: 2}
      propertyPath: m_Tiles.Array.data[79].first.x
      value: -2
      objectReference: {fileID: 0}
    - target: {fileID: 8195094280513718470, guid: 948ba75e166a03e4c8bd657471ef7843,
        type: 2}
      propertyPath: m_Tiles.Array.data[81].first.y
      value: 2
      objectReference: {fileID: 0}
    - target: {fileID: 8195094280513718470, guid: 948ba75e166a03e4c8bd657471ef7843,
        type: 2}
      propertyPath: m_Tiles.Array.data[81].second.m_TileIndex
      value: 12
      objectReference: {fileID: 0}
    - target: {fileID: 8195094280513718470, guid: 948ba75e166a03e4c8bd657471ef7843,
        type: 2}
      propertyPath: m_Tiles.Array.data[81].second.m_TileSpriteIndex
      value: 12
      objectReference: {fileID: 0}
    - target: {fileID: 8195094280513718470, guid: 948ba75e166a03e4c8bd657471ef7843,
        type: 2}
      propertyPath: m_Tiles.Array.data[84].second.m_TileIndex
      value: 11
      objectReference: {fileID: 0}
    - target: {fileID: 8195094280513718470, guid: 948ba75e166a03e4c8bd657471ef7843,
        type: 2}
      propertyPath: m_Tiles.Array.data[84].second.m_TileSpriteIndex
      value: 11
      objectReference: {fileID: 0}
    - target: {fileID: 8195094280513718470, guid: 948ba75e166a03e4c8bd657471ef7843,
        type: 2}
      propertyPath: m_Tiles.Array.data[90].first.y
      value: 3
      objectReference: {fileID: 0}
    - target: {fileID: 8195094280513718470, guid: 948ba75e166a03e4c8bd657471ef7843,
        type: 2}
      propertyPath: m_Tiles.Array.data[90].second.m_TileIndex
      value: 6
      objectReference: {fileID: 0}
    - target: {fileID: 8195094280513718470, guid: 948ba75e166a03e4c8bd657471ef7843,
        type: 2}
      propertyPath: m_Tiles.Array.data[90].second.m_TileSpriteIndex
      value: 6
      objectReference: {fileID: 0}
    - target: {fileID: 8195094280513718470, guid: 948ba75e166a03e4c8bd657471ef7843,
        type: 2}
      propertyPath: m_Tiles.Array.data[95].first.y
      value: 4
      objectReference: {fileID: 0}
    - target: {fileID: 8195094280513718470, guid: 948ba75e166a03e4c8bd657471ef7843,
        type: 2}
      propertyPath: m_Tiles.Array.data[100].first.y
      value: 5
      objectReference: {fileID: 0}
    - target: {fileID: 8195094280513718470, guid: 948ba75e166a03e4c8bd657471ef7843,
        type: 2}
      propertyPath: m_Tiles.Array.data[106].first.y
      value: 6
      objectReference: {fileID: 0}
    - target: {fileID: 8195094280513718470, guid: 948ba75e166a03e4c8bd657471ef7843,
        type: 2}
      propertyPath: m_Tiles.Array.data[108].second.m_TileIndex
      value: 10
      objectReference: {fileID: 0}
    - target: {fileID: 8195094280513718470, guid: 948ba75e166a03e4c8bd657471ef7843,
        type: 2}
      propertyPath: m_Tiles.Array.data[108].second.m_TileSpriteIndex
      value: 10
      objectReference: {fileID: 0}
    - target: {fileID: 8195094280513718470, guid: 948ba75e166a03e4c8bd657471ef7843,
        type: 2}
      propertyPath: m_Tiles.Array.data[113].first.y
      value: 7
      objectReference: {fileID: 0}
    - target: {fileID: 8195094280513718470, guid: 948ba75e166a03e4c8bd657471ef7843,
        type: 2}
      propertyPath: m_Tiles.Array.data[117].first.y
      value: 9
      objectReference: {fileID: 0}
    - target: {fileID: 8195094280513718470, guid: 948ba75e166a03e4c8bd657471ef7843,
        type: 2}
      propertyPath: m_Tiles.Array.data[121].first.x
      value: 9
      objectReference: {fileID: 0}
    - target: {fileID: 8195094280513718470, guid: 948ba75e166a03e4c8bd657471ef7843,
        type: 2}
      propertyPath: m_Tiles.Array.data[121].first.y
      value: 9
      objectReference: {fileID: 0}
    - target: {fileID: 8195094280513718470, guid: 948ba75e166a03e4c8bd657471ef7843,
        type: 2}
      propertyPath: m_Tiles.Array.data[121].second.m_TileIndex
      value: 12
      objectReference: {fileID: 0}
    - target: {fileID: 8195094280513718470, guid: 948ba75e166a03e4c8bd657471ef7843,
        type: 2}
      propertyPath: m_Tiles.Array.data[121].second.m_TileSpriteIndex
      value: 12
      objectReference: {fileID: 0}
    - target: {fileID: 8195094280513718470, guid: 948ba75e166a03e4c8bd657471ef7843,
        type: 2}
      propertyPath: m_Tiles.Array.data[121].second.m_TileFlags
      value: 1
      objectReference: {fileID: 0}
    - target: {fileID: 8195094280513718470, guid: 948ba75e166a03e4c8bd657471ef7843,
        type: 2}
      propertyPath: m_Tiles.Array.data[121].second.m_ColliderType
      value: 1
      objectReference: {fileID: 0}
    - target: {fileID: 8195094280513718470, guid: 948ba75e166a03e4c8bd657471ef7843,
        type: 2}
      propertyPath: m_TileAssetArray.Array.data[10].m_RefCount
      value: 50
      objectReference: {fileID: 0}
    - target: {fileID: 8195094280513718470, guid: 948ba75e166a03e4c8bd657471ef7843,
        type: 2}
      propertyPath: m_TileSpriteArray.Array.data[10].m_RefCount
      value: 50
      objectReference: {fileID: 0}
    - target: {fileID: 8195094280513718470, guid: 948ba75e166a03e4c8bd657471ef7843,
        type: 2}
      propertyPath: m_TileAssetArray.Array.data[9].m_RefCount
      value: 0
      objectReference: {fileID: 0}
    - target: {fileID: 8195094280513718470, guid: 948ba75e166a03e4c8bd657471ef7843,
        type: 2}
      propertyPath: m_TileAssetArray.Array.data[9].m_Data
      value: 
      objectReference: {fileID: 0}
    - target: {fileID: 8195094280513718470, guid: 948ba75e166a03e4c8bd657471ef7843,
        type: 2}
      propertyPath: m_TileSpriteArray.Array.data[9].m_RefCount
      value: 0
      objectReference: {fileID: 0}
    - target: {fileID: 8195094280513718470, guid: 948ba75e166a03e4c8bd657471ef7843,
        type: 2}
      propertyPath: m_TileSpriteArray.Array.data[9].m_Data
      value: 
      objectReference: {fileID: 0}
    m_RemovedComponents: []
  m_ParentPrefab: {fileID: 100100000, guid: 948ba75e166a03e4c8bd657471ef7843, type: 2}
  m_IsPrefabParent: 0
--- !u!1839735485 &344506487 stripped
Tilemap:
  m_PrefabParentObject: {fileID: 8195094281771877532, guid: 948ba75e166a03e4c8bd657471ef7843,
    type: 2}
  m_PrefabInternal: {fileID: 344506486}
--- !u!1 &522066907
GameObject:
  m_ObjectHideFlags: 0
  m_PrefabParentObject: {fileID: 0}
  m_PrefabInternal: {fileID: 0}
  serializedVersion: 5
  m_Component:
  - component: {fileID: 522066908}
  - component: {fileID: 522066910}
  - component: {fileID: 522066909}
  m_Layer: 5
  m_Name: playerCurrency Text
  m_TagString: Untagged
  m_Icon: {fileID: 0}
  m_NavMeshLayer: 0
  m_StaticEditorFlags: 0
  m_IsActive: 1
--- !u!224 &522066908
RectTransform:
  m_ObjectHideFlags: 0
  m_PrefabParentObject: {fileID: 0}
  m_PrefabInternal: {fileID: 0}
  m_GameObject: {fileID: 522066907}
  m_LocalRotation: {x: 0, y: 0, z: 0, w: 1}
  m_LocalPosition: {x: 0, y: 0, z: 0}
  m_LocalScale: {x: 1, y: 1, z: 1}
  m_Children: []
  m_Father: {fileID: 1370286530}
  m_RootOrder: 0
  m_LocalEulerAnglesHint: {x: 0, y: 0, z: 0}
  m_AnchorMin: {x: 0.5, y: 0.5}
  m_AnchorMax: {x: 0.5, y: 0.5}
  m_AnchoredPosition: {x: -280.3, y: 230}
  m_SizeDelta: {x: 335.3, y: 30}
  m_Pivot: {x: 0.5, y: 0.5}
--- !u!114 &522066909
MonoBehaviour:
  m_ObjectHideFlags: 0
  m_PrefabParentObject: {fileID: 0}
  m_PrefabInternal: {fileID: 0}
  m_GameObject: {fileID: 522066907}
  m_Enabled: 1
  m_EditorHideFlags: 0
  m_Script: {fileID: 708705254, guid: f70555f144d8491a825f0804e09c671c, type: 3}
  m_Name: 
  m_EditorClassIdentifier: 
  m_Material: {fileID: 0}
  m_Color: {r: 0.8670398, g: 0.9056604, b: 0.08116765, a: 1}
  m_RaycastTarget: 1
  m_OnCullStateChanged:
    m_PersistentCalls:
      m_Calls: []
    m_TypeName: UnityEngine.UI.MaskableGraphic+CullStateChangedEvent, UnityEngine.UI,
      Version=1.0.0.0, Culture=neutral, PublicKeyToken=null
  m_FontData:
    m_Font: {fileID: 10102, guid: 0000000000000000e000000000000000, type: 0}
    m_FontSize: 26
    m_FontStyle: 0
    m_BestFit: 0
    m_MinSize: 10
    m_MaxSize: 40
    m_Alignment: 0
    m_AlignByGeometry: 0
    m_RichText: 1
    m_HorizontalOverflow: 0
    m_VerticalOverflow: 0
    m_LineSpacing: 1
  m_Text: 0
--- !u!222 &522066910
CanvasRenderer:
  m_ObjectHideFlags: 0
  m_PrefabParentObject: {fileID: 0}
  m_PrefabInternal: {fileID: 0}
  m_GameObject: {fileID: 522066907}
--- !u!1001 &1100294015
Prefab:
  m_ObjectHideFlags: 0
  serializedVersion: 2
  m_Modification:
    m_TransformParent: {fileID: 0}
    m_Modifications:
    - target: {fileID: 4381888993050214, guid: ab415381b2bf26249b3058b92246efec, type: 2}
      propertyPath: m_LocalPosition.x
      value: -10.15
      objectReference: {fileID: 0}
    - target: {fileID: 4381888993050214, guid: ab415381b2bf26249b3058b92246efec, type: 2}
      propertyPath: m_LocalPosition.y
      value: 7
      objectReference: {fileID: 0}
    - target: {fileID: 4381888993050214, guid: ab415381b2bf26249b3058b92246efec, type: 2}
      propertyPath: m_LocalPosition.z
      value: 0
      objectReference: {fileID: 0}
    - target: {fileID: 4381888993050214, guid: ab415381b2bf26249b3058b92246efec, type: 2}
      propertyPath: m_LocalRotation.x
      value: -0
      objectReference: {fileID: 0}
    - target: {fileID: 4381888993050214, guid: ab415381b2bf26249b3058b92246efec, type: 2}
      propertyPath: m_LocalRotation.y
      value: -0
      objectReference: {fileID: 0}
    - target: {fileID: 4381888993050214, guid: ab415381b2bf26249b3058b92246efec, type: 2}
      propertyPath: m_LocalRotation.z
      value: -0
      objectReference: {fileID: 0}
    - target: {fileID: 4381888993050214, guid: ab415381b2bf26249b3058b92246efec, type: 2}
      propertyPath: m_LocalRotation.w
      value: 1
      objectReference: {fileID: 0}
    - target: {fileID: 4381888993050214, guid: ab415381b2bf26249b3058b92246efec, type: 2}
      propertyPath: m_RootOrder
      value: 3
      objectReference: {fileID: 0}
    m_RemovedComponents: []
  m_ParentPrefab: {fileID: 100100000, guid: ab415381b2bf26249b3058b92246efec, type: 2}
  m_IsPrefabParent: 0
--- !u!1 &1209576452
GameObject:
  m_ObjectHideFlags: 0
  m_PrefabParentObject: {fileID: 0}
  m_PrefabInternal: {fileID: 0}
  serializedVersion: 5
  m_Component:
  - component: {fileID: 1209576456}
  - component: {fileID: 1209576455}
  - component: {fileID: 1209576454}
  - component: {fileID: 1209576453}
  m_Layer: 0
  m_Name: Treasure (1)
  m_TagString: Untagged
  m_Icon: {fileID: 0}
  m_NavMeshLayer: 0
  m_StaticEditorFlags: 0
  m_IsActive: 1
--- !u!23 &1209576453
MeshRenderer:
  m_ObjectHideFlags: 0
  m_PrefabParentObject: {fileID: 0}
  m_PrefabInternal: {fileID: 0}
  m_GameObject: {fileID: 1209576452}
  m_Enabled: 1
  m_CastShadows: 1
  m_ReceiveShadows: 1
  m_DynamicOccludee: 1
  m_MotionVectors: 1
  m_LightProbeUsage: 1
  m_ReflectionProbeUsage: 1
  m_RenderingLayerMask: 4294967295
  m_Materials:
  - {fileID: 10303, guid: 0000000000000000f000000000000000, type: 0}
  m_StaticBatchInfo:
    firstSubMesh: 0
    subMeshCount: 0
  m_StaticBatchRoot: {fileID: 0}
  m_ProbeAnchor: {fileID: 0}
  m_LightProbeVolumeOverride: {fileID: 0}
  m_ScaleInLightmap: 1
  m_PreserveUVs: 1
  m_IgnoreNormalsForChartDetection: 0
  m_ImportantGI: 0
  m_StitchLightmapSeams: 0
  m_SelectedEditorRenderState: 3
  m_MinimumChartSize: 4
  m_AutoUVMaxDistance: 0.5
  m_AutoUVMaxAngle: 89
  m_LightmapParameters: {fileID: 0}
  m_SortingLayerID: 0
  m_SortingLayer: 0
  m_SortingOrder: 0
--- !u!64 &1209576454
MeshCollider:
  m_ObjectHideFlags: 0
  m_PrefabParentObject: {fileID: 0}
  m_PrefabInternal: {fileID: 0}
  m_GameObject: {fileID: 1209576452}
  m_Material: {fileID: 0}
  m_IsTrigger: 0
  m_Enabled: 1
  serializedVersion: 3
  m_Convex: 0
  m_CookingOptions: 14
  m_SkinWidth: 0.01
  m_Mesh: {fileID: 10209, guid: 0000000000000000e000000000000000, type: 0}
--- !u!33 &1209576455
MeshFilter:
  m_ObjectHideFlags: 0
  m_PrefabParentObject: {fileID: 0}
  m_PrefabInternal: {fileID: 0}
  m_GameObject: {fileID: 1209576452}
  m_Mesh: {fileID: 10209, guid: 0000000000000000e000000000000000, type: 0}
--- !u!4 &1209576456
Transform:
  m_ObjectHideFlags: 0
  m_PrefabParentObject: {fileID: 0}
  m_PrefabInternal: {fileID: 0}
  m_GameObject: {fileID: 1209576452}
  m_LocalRotation: {x: 0.7071068, y: 0, z: 0, w: 0.7071068}
  m_LocalPosition: {x: 11.5, y: -8, z: 0}
  m_LocalScale: {x: 0.1, y: 1.0000001, z: 0.2}
  m_Children: []
  m_Father: {fileID: 0}
  m_RootOrder: 5
  m_LocalEulerAnglesHint: {x: 90, y: 0, z: 0}
--- !u!1 &1370286526
GameObject:
  m_ObjectHideFlags: 0
  m_PrefabParentObject: {fileID: 0}
  m_PrefabInternal: {fileID: 0}
  serializedVersion: 5
  m_Component:
  - component: {fileID: 1370286530}
  - component: {fileID: 1370286529}
  - component: {fileID: 1370286528}
  - component: {fileID: 1370286527}
  m_Layer: 5
  m_Name: Canvas
  m_TagString: Untagged
  m_Icon: {fileID: 0}
  m_NavMeshLayer: 0
  m_StaticEditorFlags: 0
  m_IsActive: 1
--- !u!114 &1370286527
MonoBehaviour:
  m_ObjectHideFlags: 0
  m_PrefabParentObject: {fileID: 0}
  m_PrefabInternal: {fileID: 0}
  m_GameObject: {fileID: 1370286526}
  m_Enabled: 1
  m_EditorHideFlags: 0
  m_Script: {fileID: 1301386320, guid: f70555f144d8491a825f0804e09c671c, type: 3}
  m_Name: 
  m_EditorClassIdentifier: 
  m_IgnoreReversedGraphics: 1
  m_BlockingObjects: 0
  m_BlockingMask:
    serializedVersion: 2
    m_Bits: 4294967295
--- !u!114 &1370286528
MonoBehaviour:
  m_ObjectHideFlags: 0
  m_PrefabParentObject: {fileID: 0}
  m_PrefabInternal: {fileID: 0}
  m_GameObject: {fileID: 1370286526}
  m_Enabled: 1
  m_EditorHideFlags: 0
  m_Script: {fileID: 1980459831, guid: f70555f144d8491a825f0804e09c671c, type: 3}
  m_Name: 
  m_EditorClassIdentifier: 
  m_UiScaleMode: 0
  m_ReferencePixelsPerUnit: 100
  m_ScaleFactor: 1
  m_ReferenceResolution: {x: 800, y: 600}
  m_ScreenMatchMode: 0
  m_MatchWidthOrHeight: 0
  m_PhysicalUnit: 3
  m_FallbackScreenDPI: 96
  m_DefaultSpriteDPI: 96
  m_DynamicPixelsPerUnit: 1
--- !u!223 &1370286529
Canvas:
  m_ObjectHideFlags: 0
  m_PrefabParentObject: {fileID: 0}
  m_PrefabInternal: {fileID: 0}
  m_GameObject: {fileID: 1370286526}
  m_Enabled: 1
  serializedVersion: 3
  m_RenderMode: 0
  m_Camera: {fileID: 0}
  m_PlaneDistance: 100
  m_PixelPerfect: 0
  m_ReceivesEvents: 1
  m_OverrideSorting: 0
  m_OverridePixelPerfect: 0
  m_SortingBucketNormalizedSize: 0
  m_AdditionalShaderChannelsFlag: 0
  m_SortingLayerID: 0
  m_SortingOrder: 0
  m_TargetDisplay: 0
--- !u!224 &1370286530
RectTransform:
  m_ObjectHideFlags: 0
  m_PrefabParentObject: {fileID: 0}
  m_PrefabInternal: {fileID: 0}
  m_GameObject: {fileID: 1370286526}
  m_LocalRotation: {x: 0, y: 0, z: 0, w: 1}
  m_LocalPosition: {x: 0, y: 0, z: 0}
  m_LocalScale: {x: 0, y: 0, z: 0}
  m_Children:
  - {fileID: 522066908}
  m_Father: {fileID: 0}
  m_RootOrder: 6
  m_LocalEulerAnglesHint: {x: 0, y: 0, z: 0}
  m_AnchorMin: {x: 0, y: 0}
  m_AnchorMax: {x: 0, y: 0}
  m_AnchoredPosition: {x: 0, y: 0}
  m_SizeDelta: {x: 0, y: 0}
  m_Pivot: {x: 0, y: 0}
--- !u!1001 &1380304693
Prefab:
  m_ObjectHideFlags: 0
  serializedVersion: 2
  m_Modification:
    m_TransformParent: {fileID: 0}
    m_Modifications:
    - target: {fileID: 4661310386133868, guid: 21019d1938c4fc94ba6876078ecfd545, type: 2}
      propertyPath: m_LocalPosition.x
      value: -2
      objectReference: {fileID: 0}
    - target: {fileID: 4661310386133868, guid: 21019d1938c4fc94ba6876078ecfd545, type: 2}
      propertyPath: m_LocalPosition.y
      value: -4.25
      objectReference: {fileID: 0}
    - target: {fileID: 4661310386133868, guid: 21019d1938c4fc94ba6876078ecfd545, type: 2}
      propertyPath: m_LocalPosition.z
      value: 0
      objectReference: {fileID: 0}
    - target: {fileID: 4661310386133868, guid: 21019d1938c4fc94ba6876078ecfd545, type: 2}
      propertyPath: m_LocalRotation.x
      value: 0
      objectReference: {fileID: 0}
    - target: {fileID: 4661310386133868, guid: 21019d1938c4fc94ba6876078ecfd545, type: 2}
      propertyPath: m_LocalRotation.y
      value: 0
      objectReference: {fileID: 0}
    - target: {fileID: 4661310386133868, guid: 21019d1938c4fc94ba6876078ecfd545, type: 2}
      propertyPath: m_LocalRotation.z
      value: 0
      objectReference: {fileID: 0}
    - target: {fileID: 4661310386133868, guid: 21019d1938c4fc94ba6876078ecfd545, type: 2}
      propertyPath: m_LocalRotation.w
      value: 1
      objectReference: {fileID: 0}
    - target: {fileID: 4661310386133868, guid: 21019d1938c4fc94ba6876078ecfd545, type: 2}
      propertyPath: m_RootOrder
      value: 10
      objectReference: {fileID: 0}
    - target: {fileID: 1632099856693708, guid: 21019d1938c4fc94ba6876078ecfd545, type: 2}
      propertyPath: m_Name
      value: Elf Archer (1)
      objectReference: {fileID: 0}
    m_RemovedComponents: []
  m_ParentPrefab: {fileID: 100100000, guid: 21019d1938c4fc94ba6876078ecfd545, type: 2}
  m_IsPrefabParent: 0
--- !u!1 &1577356006
GameObject:
  m_ObjectHideFlags: 0
  m_PrefabParentObject: {fileID: 0}
  m_PrefabInternal: {fileID: 0}
  serializedVersion: 5
  m_Component:
  - component: {fileID: 1577356009}
  - component: {fileID: 1577356008}
  - component: {fileID: 1577356007}
  m_Layer: 0
  m_Name: EventSystem
  m_TagString: Untagged
  m_Icon: {fileID: 0}
  m_NavMeshLayer: 0
  m_StaticEditorFlags: 0
  m_IsActive: 1
--- !u!114 &1577356007
MonoBehaviour:
  m_ObjectHideFlags: 0
  m_PrefabParentObject: {fileID: 0}
  m_PrefabInternal: {fileID: 0}
  m_GameObject: {fileID: 1577356006}
  m_Enabled: 1
  m_EditorHideFlags: 0
  m_Script: {fileID: 1077351063, guid: f70555f144d8491a825f0804e09c671c, type: 3}
  m_Name: 
  m_EditorClassIdentifier: 
  m_HorizontalAxis: Horizontal
  m_VerticalAxis: Vertical
  m_SubmitButton: Submit
  m_CancelButton: Cancel
  m_InputActionsPerSecond: 10
  m_RepeatDelay: 0.5
  m_ForceModuleActive: 0
--- !u!114 &1577356008
MonoBehaviour:
  m_ObjectHideFlags: 0
  m_PrefabParentObject: {fileID: 0}
  m_PrefabInternal: {fileID: 0}
  m_GameObject: {fileID: 1577356006}
  m_Enabled: 1
  m_EditorHideFlags: 0
  m_Script: {fileID: -619905303, guid: f70555f144d8491a825f0804e09c671c, type: 3}
  m_Name: 
  m_EditorClassIdentifier: 
  m_FirstSelected: {fileID: 0}
  m_sendNavigationEvents: 1
  m_DragThreshold: 10
--- !u!4 &1577356009
Transform:
  m_ObjectHideFlags: 0
  m_PrefabParentObject: {fileID: 0}
  m_PrefabInternal: {fileID: 0}
  m_GameObject: {fileID: 1577356006}
  m_LocalRotation: {x: 0, y: 0, z: 0, w: 1}
  m_LocalPosition: {x: 0, y: 0, z: 0}
  m_LocalScale: {x: 1, y: 1, z: 1}
  m_Children: []
  m_Father: {fileID: 0}
  m_RootOrder: 7
  m_LocalEulerAnglesHint: {x: 0, y: 0, z: 0}
--- !u!1 &1631112120
GameObject:
  m_ObjectHideFlags: 0
  m_PrefabParentObject: {fileID: 0}
  m_PrefabInternal: {fileID: 0}
  serializedVersion: 5
  m_Component:
  - component: {fileID: 1631112124}
  - component: {fileID: 1631112123}
  - component: {fileID: 1631112122}
  - component: {fileID: 1631112121}
  m_Layer: 0
  m_Name: Main Camera
  m_TagString: MainCamera
  m_Icon: {fileID: 0}
  m_NavMeshLayer: 0
  m_StaticEditorFlags: 0
  m_IsActive: 1
--- !u!81 &1631112121
AudioListener:
  m_ObjectHideFlags: 0
  m_PrefabParentObject: {fileID: 0}
  m_PrefabInternal: {fileID: 0}
  m_GameObject: {fileID: 1631112120}
  m_Enabled: 1
--- !u!124 &1631112122
Behaviour:
  m_ObjectHideFlags: 0
  m_PrefabParentObject: {fileID: 0}
  m_PrefabInternal: {fileID: 0}
  m_GameObject: {fileID: 1631112120}
  m_Enabled: 1
--- !u!20 &1631112123
Camera:
  m_ObjectHideFlags: 0
  m_PrefabParentObject: {fileID: 0}
  m_PrefabInternal: {fileID: 0}
  m_GameObject: {fileID: 1631112120}
  m_Enabled: 1
  serializedVersion: 2
  m_ClearFlags: 1
  m_BackGroundColor: {r: 0.19215687, g: 0.3019608, b: 0.4745098, a: 0}
  m_NormalizedViewPortRect:
    serializedVersion: 2
    x: 0
    y: 0
    width: 0.975
    height: 1
  near clip plane: 0.3
  far clip plane: 1000
  field of view: 60
  orthographic: 1
  orthographic size: 10
  m_Depth: -1
  m_CullingMask:
    serializedVersion: 2
    m_Bits: 4294967295
  m_RenderingPath: -1
  m_TargetTexture: {fileID: 0}
  m_TargetDisplay: 0
  m_TargetEye: 3
  m_HDR: 1
  m_AllowMSAA: 1
  m_AllowDynamicResolution: 0
  m_ForceIntoRT: 0
  m_OcclusionCulling: 1
  m_StereoConvergence: 10
  m_StereoSeparation: 0.022
--- !u!4 &1631112124
Transform:
  m_ObjectHideFlags: 0
  m_PrefabParentObject: {fileID: 0}
  m_PrefabInternal: {fileID: 0}
  m_GameObject: {fileID: 1631112120}
  m_LocalRotation: {x: 0, y: 0, z: 0, w: 1}
  m_LocalPosition: {x: 0, y: 0, z: -10}
  m_LocalScale: {x: 1, y: 1, z: 1}
  m_Children: []
  m_Father: {fileID: 0}
  m_RootOrder: 2
  m_LocalEulerAnglesHint: {x: 0, y: 0, z: 0}
--- !u!1001 &1731072624
Prefab:
  m_ObjectHideFlags: 0
  serializedVersion: 2
  m_Modification:
    m_TransformParent: {fileID: 0}
    m_Modifications:
    - target: {fileID: 4661310386133868, guid: 21019d1938c4fc94ba6876078ecfd545, type: 2}
      propertyPath: m_LocalPosition.x
      value: 4
      objectReference: {fileID: 0}
    - target: {fileID: 4661310386133868, guid: 21019d1938c4fc94ba6876078ecfd545, type: 2}
      propertyPath: m_LocalPosition.y
      value: -5.25
      objectReference: {fileID: 0}
    - target: {fileID: 4661310386133868, guid: 21019d1938c4fc94ba6876078ecfd545, type: 2}
      propertyPath: m_LocalPosition.z
      value: 0
      objectReference: {fileID: 0}
    - target: {fileID: 4661310386133868, guid: 21019d1938c4fc94ba6876078ecfd545, type: 2}
      propertyPath: m_LocalRotation.x
      value: 0
      objectReference: {fileID: 0}
    - target: {fileID: 4661310386133868, guid: 21019d1938c4fc94ba6876078ecfd545, type: 2}
      propertyPath: m_LocalRotation.y
      value: 0
      objectReference: {fileID: 0}
    - target: {fileID: 4661310386133868, guid: 21019d1938c4fc94ba6876078ecfd545, type: 2}
      propertyPath: m_LocalRotation.z
      value: 0
      objectReference: {fileID: 0}
    - target: {fileID: 4661310386133868, guid: 21019d1938c4fc94ba6876078ecfd545, type: 2}
      propertyPath: m_LocalRotation.w
      value: 1
      objectReference: {fileID: 0}
    - target: {fileID: 4661310386133868, guid: 21019d1938c4fc94ba6876078ecfd545, type: 2}
      propertyPath: m_RootOrder
      value: 9
      objectReference: {fileID: 0}
    m_RemovedComponents: []
  m_ParentPrefab: {fileID: 100100000, guid: 21019d1938c4fc94ba6876078ecfd545, type: 2}
  m_IsPrefabParent: 0
--- !u!1 &1892723448
GameObject:
  m_ObjectHideFlags: 0
  m_PrefabParentObject: {fileID: 0}
  m_PrefabInternal: {fileID: 0}
  serializedVersion: 5
  m_Component:
  - component: {fileID: 1892723452}
  - component: {fileID: 1892723451}
  - component: {fileID: 1892723450}
  - component: {fileID: 1892723449}
  m_Layer: 0
  m_Name: Treasure
  m_TagString: Untagged
  m_Icon: {fileID: 0}
  m_NavMeshLayer: 0
  m_StaticEditorFlags: 0
  m_IsActive: 1
--- !u!23 &1892723449
MeshRenderer:
  m_ObjectHideFlags: 0
  m_PrefabParentObject: {fileID: 0}
  m_PrefabInternal: {fileID: 0}
  m_GameObject: {fileID: 1892723448}
  m_Enabled: 1
  m_CastShadows: 1
  m_ReceiveShadows: 1
  m_DynamicOccludee: 1
  m_MotionVectors: 1
  m_LightProbeUsage: 1
  m_ReflectionProbeUsage: 1
  m_RenderingLayerMask: 4294967295
  m_Materials:
  - {fileID: 10303, guid: 0000000000000000f000000000000000, type: 0}
  m_StaticBatchInfo:
    firstSubMesh: 0
    subMeshCount: 0
  m_StaticBatchRoot: {fileID: 0}
  m_ProbeAnchor: {fileID: 0}
  m_LightProbeVolumeOverride: {fileID: 0}
  m_ScaleInLightmap: 1
  m_PreserveUVs: 1
  m_IgnoreNormalsForChartDetection: 0
  m_ImportantGI: 0
  m_StitchLightmapSeams: 0
  m_SelectedEditorRenderState: 3
  m_MinimumChartSize: 4
  m_AutoUVMaxDistance: 0.5
  m_AutoUVMaxAngle: 89
  m_LightmapParameters: {fileID: 0}
  m_SortingLayerID: 0
  m_SortingLayer: 0
  m_SortingOrder: 0
--- !u!64 &1892723450
MeshCollider:
  m_ObjectHideFlags: 0
  m_PrefabParentObject: {fileID: 0}
  m_PrefabInternal: {fileID: 0}
  m_GameObject: {fileID: 1892723448}
  m_Material: {fileID: 0}
  m_IsTrigger: 0
  m_Enabled: 1
  serializedVersion: 3
  m_Convex: 0
  m_CookingOptions: 14
  m_SkinWidth: 0.01
  m_Mesh: {fileID: 10209, guid: 0000000000000000e000000000000000, type: 0}
--- !u!33 &1892723451
MeshFilter:
  m_ObjectHideFlags: 0
  m_PrefabParentObject: {fileID: 0}
  m_PrefabInternal: {fileID: 0}
  m_GameObject: {fileID: 1892723448}
  m_Mesh: {fileID: 10209, guid: 0000000000000000e000000000000000, type: 0}
--- !u!4 &1892723452
Transform:
  m_ObjectHideFlags: 0
  m_PrefabParentObject: {fileID: 0}
  m_PrefabInternal: {fileID: 0}
  m_GameObject: {fileID: 1892723448}
  m_LocalRotation: {x: 0.7071068, y: 0, z: 0, w: 0.7071068}
  m_LocalPosition: {x: 11.5, y: 8, z: 0}
  m_LocalScale: {x: 0.1, y: 1.0000001, z: 0.2}
  m_Children: []
  m_Father: {fileID: 0}
  m_RootOrder: 4
  m_LocalEulerAnglesHint: {x: 90, y: 0, z: 0}
--- !u!1839735485 &2048874820 stripped
Tilemap:
  m_PrefabParentObject: {fileID: 8195094280513718470, guid: 948ba75e166a03e4c8bd657471ef7843,
    type: 2}
  m_PrefabInternal: {fileID: 344506486}
--- !u!1 &2146917646
GameObject:
  m_ObjectHideFlags: 0
  m_PrefabParentObject: {fileID: 0}
  m_PrefabInternal: {fileID: 0}
  serializedVersion: 5
  m_Component:
  - component: {fileID: 2146917648}
  - component: {fileID: 2146917647}
  m_Layer: 0
  m_Name: GameManager
  m_TagString: GameController
  m_Icon: {fileID: 0}
  m_NavMeshLayer: 0
  m_StaticEditorFlags: 0
  m_IsActive: 1
--- !u!114 &2146917647
MonoBehaviour:
  m_ObjectHideFlags: 0
  m_PrefabParentObject: {fileID: 0}
  m_PrefabInternal: {fileID: 0}
  m_GameObject: {fileID: 2146917646}
  m_Enabled: 1
  m_EditorHideFlags: 0
  m_Script: {fileID: 11500000, guid: f5b84eac133bf9f49993a9188120006b, type: 3}
  m_Name: 
  m_EditorClassIdentifier: 
  playerStartingCurrency: 1000
  countText: {fileID: 522066909}
--- !u!4 &2146917648
Transform:
  m_ObjectHideFlags: 0
  m_PrefabParentObject: {fileID: 0}
  m_PrefabInternal: {fileID: 0}
  m_GameObject: {fileID: 2146917646}
  m_LocalRotation: {x: 0, y: 0, z: 0, w: 1}
  m_LocalPosition: {x: 0, y: 0, z: 0}
  m_LocalScale: {x: 1, y: 1, z: 1}
  m_Children: []
  m_Father: {fileID: 0}
  m_RootOrder: 8
  m_LocalEulerAnglesHint: {x: 0, y: 0, z: 0}
